3158 5116
766 489 801 542 54

247 643 358 702 turum
391 632 494 699 fuisse
527 633 762 699 demonstravit
790 633 991 714 Borghesius
1007 629 1041 718 ¹),
1073 649 1170 714 quem
1207 647 1322 694 sacer·

249 737 413 802 dotiorurn
442 735 611 801 cuniulum
647 755 712 800 nou
747 736 810 800 nisi
847 737 936 818 apud
970 736 1206 818 imperatorum
1244 751 1323 813 cog-

249 847 348 919 natos
379 840 539 904 usitatum
581 837 683 904 fuisse
714 839 805 904 dixit.
872 839 1033 904 Memoria
1064 837 1182 903 deinde
1210 835 1323 900 Attice

251 941 420 1008 Cervidiae
443 941 611 1020 vestinae,
644 940 756 1020 Quinti
780 941 866 1007 filiae
881 938 916 1028 ²),
949 960 1034 1024 quae
1061 945 1193 1022 propter
1220 938 1325 1004 raris-

250 1045 372 1108 simum
414 1043 494 1106 illud
528 1060 650 1106 nornen
692 1045 813 1123 gentile
848 1044 938 1108 haud
972 1043 1069 1106 dubie
1105 1042 1142 1120 Q.
1179 1041 1323 1106 Cervidii

251 1143 431 1210 Scaevolae
454 1143 679 1208 iurisconsulti
703 1143 769 1209 11111
793 1149 891 1224 esset,
916 1143 1006 1209 aliud
1029 1149 1159 1225 tempus
1182 1142 1325 1206 indicari

252 1244 339 1308 idem
374 1245 512 1308 censuit.
560 1243 689 1309 Ftenim
721 1265 797 1311 curn
834 1245 1006 1311 Cervidius
1040 1245 1249 1328 imperatoris
1279 1242 1323 1306 M.

252 1345 376 1409 Aurelii
400 1343 571 1410 familiaris
596 1344 723 1428 fuisset,
754 1353 791 1412 ut
815 1346 927 1427 filiam,
958 1348 1006 1412 ita
1030 1347 1131 1411 etiarn
1156 1346 1228 1410 eius
1253 1363 1326 1408 ma·

253 1448 352 1511 ritum
375 1448 493 1511 eadem
524 1445 592 1513 fere
622 1455 722 1530 atque
751 1450 983 1530 imperatorem
1006 1448 1200 1530 Septimium
1224 1445 1327 1512 Seve-

254 1568 326 1614 rum
362 1556 472 1614 aetate
508 1547 610 1614 fuisse
634 1569 810 1632 apparere;
847 1553 891 1617 ad
923 1549 1093 1614 consulem
1120 1550 1217 1630 igitur
1246 1547 1326 1612 anni

254 1649 320 1714 206
343 1651 456 1715 titulos
480 1651 667 1716 Romanum
702 1658 734 1717 et
757 1653 1003 1738 Lugdunenses,
1039 1657 1082 1722 ad
1117 1657 1189 1720 eius
1224 1654 1325 1718 filiurn

255 1758 384 1823 titulum
416 1757 623 1841 Campanum
654 1759 828 1841 pertinere.
879 1759 1004 1840 Quibus
1028 1761 1199 1842 Borghesii
1230 1777 1327 1838 argu-

255 1862 375 1926 mentis
407 1878 468 1924 suo
498 1861 570 1924 iure
593 1879 753 1926 assensus
786 1861 1085 1956 est-Mommsenus
1114 1863 1157 1928 ad
1181 1861 1217 1927 C.
1242 1861 1264 1926 I.
1290 1861 1324 1924 L.

256 1963 295 2043 X,
322 1961 352 2042 1,
377 1959 475 2026 3856.
523 1962 597 2027 Jam
627 1981 705 2028 vero
735 1963 950 2048 Aemilianus,
986 1966 1143 2050 quoniam
1170 1969 1329 2048 quaestor

256 2065 478 2145 Augustorum
502 2065 701 2147 nominatur,
726 2065 795 2132 lieri
819 2088 886 2134 non
909 2075 1027 2152 potest,
1052 2075 1088 2134 ut
1104 2074 1182 2134 ante
1204 2086 1327 2133 annum

260 2166 334 2250 198,
359 2169 478 2252 quippe
502 2187 567 2252 quo
591 2166 767 2237 Caracalla
790 2192 811 2238 a
835 2171 993 2256 Septimio
1010 2173 1133 2240 Severo
1157 2177 1329 2255 1111111-

259 2271 329 2336 cius
353 2272 481 2353 imperii
505 2263 739 2356 assumeretur,
773 2283 930 2359 quaestor
954 2276 1067 2357 luerit;
1101 2294 1208 2359 neque
1231 2275 1330 2356 igitur

258 2379 336 2438 ante
360 2393 484 2438 annum
511 2372 574 2436 188
598 2391 658 2438 seu
680 2377 800 2460 potius,
832 2381 988 2462 quoniam
1024 2380 1204 2444 seviratum
1232 2394 1329 2459 prae-

260 2476 404 2538 cessisse
427 2472 657 2554 praefecturae
680 2479 794 2543 titulas
818 2480 1044 2560 Lugdunensis
1068 2476 1147 2559 (rev.
1173 2476 1328 2558 ep.1878

258 2595 289 2656 p.
315 2573 371 2658 31)
386 2571 411 2658 1)
442 2575 549 2656 docet,
585 2581 663 2638 ante
695 2597 819 2644 annum
851 2581 915 2644 189
946 2578 1135 2661 praefectus
1171 2576 1327 2641 feriarum

259 2680 449 2744 Latinarum
474 2679 543 2744 fuit.
1268 2731 1270 2734 .

325 2780 451 2844 Titulus
487 2779 522 2845 C.
548 2781 570 2844 I.
601 2779 634 2844 L.
659 2780 711 2862 111,
746 2784 774 2864 1,
809 2782 894 2846 1332
930 2784 964 2848 T.
1005 2783 1135 2848 Aelium
1168 2782 1327 2847 Naevium

258 2887 437 2953 Antonium
471 2887 630 2953 Severum
667 2887 897 2952 administrata
929 2886 1138 2967 praefectura
1173 2883 1329 2948 feriarum

258 2991 451 3056 Latinarum
475 2993 518 3056 ad
542 2997 756 3074 quaesturam
786 2989 976 3071 pervenisse
1006 2995 1156 3054 testatur.
1204 2987 1240 3050 ln
1263 3006 1329 3068 quo

259 3096 337 3177 quia
360 3095 483 3159 sodalis
508 3095 717 3159 Hadrianalis
741 3099 890 3172 vocatur,
914 3097 990 3172 post
1008 3091 1167 3156 Hadriani
1191 3090 1329 3154 mortein

260 3216 335 3262 eum
359 3199 482 3262 vixisse
506 3179 644 3281 apparet
656 3193 693 3281 ⁴).
741 3195 798 3258 Est
822 3200 933 3258 autem
957 3193 1042 3258 alter
1069 3193 1183 3258 titulus
1208 3192 1329 3257 Rorna-

259 3321 323 3366 nus
336 3296 372 3386 ⁵),
408 3303 441 3366 in
466 3320 531 3384 quo
555 3301 589 3365 T.
615 3299 727 3364 Aelius
751 3299 891 3364 Severus
916 3296 1119 3362 clarissimus
1144 3293 1330 3360 consularis

317 3497 336 3566 ¹)
356 3496 455 3566 Borgh.
475 3514 536 3567 opp.
556 3493 610 3549 vol.
630 3495 646 3548 8
665 3511 691 3564 p.
712 3493 764 3548 602
784 3509 843 3562 sqq.
869 3520 896 3530 -
920 3489 941 3559 ²)
960 3489 1049 3544 Boiss.
1069 3509 1095 3562 p.
1114 3490 1177 3555 485,
1200 3491 1240 3545 10.

315 3581 337 3652 ³)
355 3581 384 3636 in
403 3583 455 3636 hoc
473 3581 565 3646 titulo,
579 3580 609 3634 in
622 3597 676 3648 quo
690 3579 808 3632 honores
820 3577 915 3630 ordine
928 3576 1111 3630 descendente
1126 3577 1331 3638 enumerantur,

260 3666 455 3721 triumviratus
474 3669 537 3720 aute
556 3665 767 3736 praefecturam,
795 3664 891 3716 contra
915 3661 944 3714 in
963 3661 1044 3715 titulo
1063 3660 1195 3724 Romano,
1223 3659 1252 3712 in
1277 3676 1330 3728 quo

261 3752 357 3806 eodem
376 3751 470 3806 ordine
488 3751 606 3806 honores
625 3751 829 3812 enumerantur,
847 3749 911 3818 post
928 3747 1129 3817 praefecturam
1148 3743 1263 3812 legitur;
1282 3741 1330 3796 scd

261 3837 361 3892 titulus
379 3835 573 3906 Lugdunensis
599 3835 662 3906 plus
681 3832 749 3887 nrihi
767 3831 861 3887 volere
887 3829 998 3886 videtur
1025 3831 1157 3893 Romano,
1185 3828 1256 3898 quod
1283 3845 1331 3898 pu·

261 3921 341 3986 blico,
360 3921 406 3976 hic
423 3921 564 3993 privatim,
593 3919 685 3974 editus
704 3921 747 3972 est
766 3921 794 3970 et
811 3917 911 3972 verba:
941 3915 1084 3986 0111111111
1111 3933 1132 3970 r.
1151 3933 1177 3986 p.
1197 3912 1332 3982 coloniae)

262 4011 305 4062 et:
324 4007 423 4077 (sodali
442 4006 625 4076 fttavlatt,
644 4023 715 4075 quae
733 4003 798 4058 huic
817 4003 925 4068 desunt,
945 4002 1029 4058 addit.

316 4092 338 4162 ⁴)
358 4091 446 4146 eidem
465 4092 578 4146 titulum
598 4090 626 4145 0.
647 4090 667 4144 Ι.
686 4089 715 4142 L.
734 4088 810 4154 Vfll,
832 4092 854 4152 l,
875 4090 945 4144 3020
976 4084 1184 4142 attribuendum
1205 4101 1266 4139 esse
1284 4101 1332 4154 pu·

260 4177 388 4232 taverim.

316 4260 423 4331 ι)1)111.
442 4260 586 4316 comunale
605 4259 679 4314 arch.
700 4259 766 4314 1881
787 4257 841 4312 vol.
861 4259 878 4313 9
897 4276 922 4328 p.
944 4260 984 4312 15.
