3158 5116
656 1314 767 1424 Pars
797 1314 951 1452 prime.

265 1565 372 1654 Quas
395 1585 544 1649 quoque
566 1570 743 1649 tempore
765 1566 892 1632 latini
915 1568 955 1631 et
972 1565 1141 1630 Romani
1163 1565 1204 1629 in
1227 1563 1338 1630 ieriis

422 1682 583 1796 ⁸Latinis
604 1683 741 1765 partes
764 1681 914 1762 egerint
936 1680 1166 1747 ostenditur.

764 1876 838 1960 qr.

320 2021 363 2088 De
388 2021 641 2105 antiquissimis
664 2023 827 2090 feriarum
850 2022 1044 2090 Latinarum
1066 2020 1284 2106 tenporibus.

331 2176 440 2260 Siquis
463 2185 594 2261 reputat
617 2180 719 2244 multa
742 2198 800 2262 per
823 2179 960 2244 saecula
983 2179 1153 2244 Romanos
1176 2181 1282 2245 saeris
1302 2181 1336 2244 in

265 2287 377 2346 monte
402 2281 531 2347 Albano
559 2282 752 2364 praefuisse,
783 2281 879 2347 tacite
900 2282 1092 2366 Dionysium
1122 2282 1336 2348 Halicarnas-

265 2403 398 2449 sensem
411 2385 559 2467 aliosque
576 2386 610 2448 in
623 2404 698 2450 eum
715 2405 861 2451 errorem
877 2386 989 2449 induci
1004 2387 1152 2466 potuisse
1167 2385 1333 2465 intelliget,

264 2493 300 2549 ut
323 2486 366 2550 ab
389 2487 469 2566 ipsis
494 2487 652 2551 Romanis
672 2487 770 2552 series
796 2489 965 2551 institutas
992 2505 1067 2551 esse
1090 2493 1253 2568 putarent.
1293 2487 1332 2549 In

264 2587 410 2670 Dionysii
423 2588 555 2669 quidem
568 2589 659 2652 arch.
675 2589 768 2653 Rom.
778 2589 831 2669 lv,
840 2588 883 2652 49
895 2589 980 2652 haee
993 2590 1117 2669 scriptu
1129 2589 1333 2650 invenimus:

263 2689 389 2764 ,Τυχὼν
423 2686 456 2748 δὲ
483 2691 540 2769 τῆς
574 2692 727 2750 Λατίνων
756 2685 919 2769 ἤγεμονιῖις
943 2684 959 2746 ὃ
989 2686 1164 2767 Ταρκύνιος
1177 2688 1199 2760 ¹)
1244 2689 1335 2767 ἐσρε-

265 2785 422 2866 σβειῖσατο
443 2789 521 2866 πρὸς
542 2790 597 2862 τὰς
614 2784 765 2870 Ἑρνίκων
786 2786 894 2860 πόλεις
1003 2785 1174 2868 ἀγαπητῶς
1196 2786 1230 2848 δὲ
1258 2791 1335 2848 τεάν.

262 2910 327 2948 τιον
348 2888 383 2950 τό
406 2890 535 2968 πρᾶγμα
567 2887 755 2966 δεξαμένων,
777 2885 875 2950 τόπον
891 2888 951 2966 μὲν
972 2885 1133 2961 ἀπέδειξεν
1152 2883 1334 2966 ἔνθαιισιὴ·

266 3009 377 3048 σονται
397 2987 454 3069 τήν
488 2986 620 3049 σύνοδον
650 2992 683 3050 ἐν
710 2988 798 3072 μέσῳ
817 2986 959 3064 μάλιστα
987 2989 1052 3050 τῶν
1073 2987 1175 3049 ἐθνῶν
1196 2987 1335 3062 κείμενον

264 3078 338 3164 ὅρος
359 3080 491 3168 ὑψηλόν,
514 3082 532 3148 δ’
553 3088 608 3167 τῆς
624 3085 785 3167 Ἀλβανῶν
797 3083 977 3166 ὑπέρκειται
999 3085 1133 3161 πόλεως,
1155 3085 1190 3146 ἐν
1211 3073 1236 3169 ᾧ
1256 3107 1334 3145 nur·

265 3182 385 3266 ηγὺρεις
407 3209 437 3248 τε
471 3183 530 3249 α’νὰ
552 3188 614 3249 πᾶν
635 3184 703 3260 ἔτος
725 3181 857 3266 ἄγεσθαι
882 3185 938 3248 καί
959 3186 1132 3265 ἐκεχειρίας
1152 3179 1233 3246 εἶναι
1255 3185 1332 3245 πᾶσι

263 3288 342 3368 πρὸς
363 3285 480 3362 πάντας
502 3290 711 3371 ἐνομοθέτησε
731 3288 853 3362 θυσίας
872 3311 904 3350 τε
926 3289 1146 3349 συντελεῖσθαι
1169 3285 1272 3358 κοινὰς
1293 3285 1335 3368 τρῖ

263 3385 444 3473 καλουμένῳ
466 3388 635 3474 Λατιαρίῳ
654 3389 715 3461 Διῒ
734 3390 791 3452 κατ’
819 3388 1035 3461 συνεστιάσεις
1057 3435 1064 3450 .
1087 3435 1094 3448 .
1117 3433 1129 3449 .-
1149 3380 1192 3461 .’,
1235 3393 1335 3470 atque

263 3489 384 3556 ibidem
398 3493 449 3574 VI,
475 3492 534 3561 95:
557 3493 626 3572 ,τήν
646 3490 704 3571 μὲν
725 3489 852 3574 πρώτην
874 3494 933 3572 [sc.
956 3487 1079 3572 ἡμέραν
1099 3491 1162 3552 τῶν
1183 3490 1336 3552 Λατίνων

264 3587 397 3681 ἑορτῶν]
422 3593 649 3676 ἀνιερώσαντος
670 3594 832 3672 βασιλέως
857 3594 1044 3674 Ταρκυνίου,
1068 3591 1142 3653 καθ’
1167 3585 1202 3652 tv
1219 3589 1335 3671 χρόνον

264 3694 385 3776 ἐνίκησε
410 3691 636 3780 Τυρρηνούςη)
810 3695 916 3776 Quam
951 3695 1098 3779 Dionysii
1131 3695 1330 3759 sententium

321 3853 339 3924 ¹)
358 3854 526 3925 'l'srquinius
544 3854 692 3927 Superbus.

320 3939 343 4010 ²)
363 3937 441 4004 Quod
460 3939 612 4012 Dionysius
631 3941 718 3996 altero
748 3940 808 3995 loeo
835 3958 852 3994 α
879 3940 1017 4010 'l'urqunio
1046 3938 1175 4010 Superbo,
1203 3937 1291 3992 altero
1317 3955 1335 3992 α

262 4023 412 4094 Tarquinio
431 4023 525 4079 Prisco
551 4025 626 4095 (num
645 4025 719 4080 huno
736 4029 846 4080 tuntum
865 4042 927 4080 euru
946 4023 1073 4079 Etruscis
1091 4023 1193 4078 bellum
1212 4022 1335 4092 gessisse

261 4109 367 4178 norrut)
395 4107 480 4163 ieries
505 4107 650 4164 institutes
674 4127 735 4164 esse
754 4109 830 4174 dieii,
858 4127 912 4164 non
931 4113 975 4164 est
992 4110 1100 4174 mirum,
1120 4127 1183 4163 eum
1202 4107 1250 4162 aiii
1269 4125 1334 4177 quo·

261 4209 314 4263 que
332 4191 482 4263 scriptores
508 4191 559 4247 hos
577 4193 742 4263 Tarquinios
760 4193 944 4270 ooufuderiut,
972 4211 1026 4263 qua
1045 4194 1078 4246 de
1096 4209 1127 4246 re
1145 4194 1280 4257 conferes,
1308 4191 1333 4245 si

261 4276 340 4344 veiis,
360 4276 456 4333 Oreilii
475 4279 568 4332 unnot.
589 4277 623 4332 sd
643 4277 732 4334 Sehoi.
752 4277 880 4334 Bobiens.
900 4278 925 4332 11
944 4297 970 4350 p.
990 4281 1051 4334 255.
