<?xml version="1.0" encoding="UTF-8"?>
<!DOCTYPE html PUBLIC "-//W3C//DTD XHTML 1.0 Transitional//EN"
    "http://www.w3.org/TR/xhtml1/DTD/xhtml1-transitional.dtd">
<html xmlns="http://www.w3.org/1999/xhtml" xml:lang="en" lang="en">
 <head>
  <title>
</title>
<meta http-equiv="Content-Type" content="text/html;charset=utf-8" />
  <meta name='ocr-system' content='tesseract 3.04.00' />
  <meta name='ocr-capabilities' content='ocr_page ocr_carea ocr_par ocr_line ocrx_word'/>
</head>
<body>
  <div class='ocr_page' id='page_1' title='image "./deferiislatinis00werngoog_0022.png"; bbox 0 0 3158 5116; ppageno 0'>
   <div class='ocr_carea' id='block_1_1' title="bbox 759 507 791 561">
    <p class='ocr_par' dir='ltr' id='par_1_1' title="bbox 759 507 791 561">
     <span class='ocr_line' id='line_1_1' title="bbox 759 507 791 561; baseline 0.031 -1"><span class='ocrx_word' id='word_1_1' title='bbox 759 507 791 561; x_wconf 91' lang='lat'>15</span> 
     </span>
    </p>
   </div>
   <div class='ocr_carea' id='block_1_2' title="bbox 219 648 1314 1556">
    <p class='ocr_par' dir='ltr' id='par_1_2' title="bbox 219 648 1314 1556">
     <span class='ocr_line' id='line_1_2' title="bbox 236 648 1312 731; baseline -0.001 -16"><span class='ocrx_word' id='word_1_2' title='bbox 236 651 379 715; x_wconf 91' lang='lat' dir='ltr'>Hermae</span> <span class='ocrx_word' id='word_1_3' title='bbox 402 649 465 716; x_wconf 88' lang='lat' dir='ltr'>vol.</span> <span class='ocrx_word' id='word_1_4' title='bbox 493 649 534 714; x_wconf 80' lang='lat'>17</span> <span class='ocrx_word' id='word_1_5' title='bbox 558 668 631 731; x_wconf 80' lang='lat' dir='ltr'>pag.</span> <span class='ocrx_word' id='word_1_6' title='bbox 657 648 700 713; x_wconf 88' lang='grc'>49</span> <span class='ocrx_word' id='word_1_7' title='bbox 724 667 798 714; x_wconf 87' lang='lat' dir='ltr'>ann.</span> <span class='ocrx_word' id='word_1_8' title='bbox 826 650 855 712; x_wconf 90' lang='lat'>1.</span> <span class='ocrx_word' id='word_1_9' title='bbox 880 650 1069 731; x_wconf 88' lang='lat' dir='ltr'>suspicatus</span> <span class='ocrx_word' id='word_1_10' title='bbox 1093 654 1153 714; x_wconf 88' lang='lat' dir='ltr'>est.</span> <span class='ocrx_word' id='word_1_11' title='bbox 1201 650 1312 729; x_wconf 90' lang='lat' dir='ltr'>Quam</span> 
     </span>
     <span class='ocr_line' id='line_1_3' title="bbox 236 750 1314 833; baseline -0.003 -16"><span class='ocrx_word' id='word_1_12' title='bbox 236 753 280 817; x_wconf 93' lang='lat' dir='ltr'>ad</span> <span class='ocrx_word' id='word_1_13' title='bbox 310 752 538 817; x_wconf 87' lang='lat' dir='ltr'>coniecturam</span> <span class='ocrx_word' id='word_1_14' title='bbox 575 751 773 816; x_wconf 81' lang='lat' dir='ltr'>firmandam</span> <span class='ocrx_word' id='word_1_15' title='bbox 806 751 894 833; x_wconf 90' lang='lat' dir='ltr'>quod</span> <span class='ocrx_word' id='word_1_16' title='bbox 926 752 989 816; x_wconf 89' lang='lat' dir='ltr'>has</span> <span class='ocrx_word' id='word_1_17' title='bbox 1024 751 1057 816; x_wconf 92' lang='lat' dir='ltr'>in</span> <span class='ocrx_word' id='word_1_18' title='bbox 1088 750 1221 816; x_wconf 89' lang='lat' dir='ltr'>tabulas</span> <span class='ocrx_word' id='word_1_19' title='bbox 1254 769 1314 815; x_wconf 80' lang='lat' dir='ltr'>sex</span> 
     </span>
     <span class='ocr_line' id='line_1_4' title="bbox 219 851 1312 946; baseline -0.003 -27"><span class='ocrx_word' id='word_1_20' title='bbox 219 859 366 946; x_wconf 89' lang='lat' dir='ltr'>tantum</span> <span class='ocrx_word' id='word_1_21' title='bbox 403 853 552 919; x_wconf 90' lang='lat' dir='ltr'>colonias</span> <span class='ocrx_word' id='word_1_22' title='bbox 588 853 733 934; x_wconf 90' lang='lat' dir='ltr'>Latinas,</span> <span class='ocrx_word' id='word_1_23' title='bbox 771 851 927 934; x_wconf 81' lang='lat' dir='ltr'>Ardeam,</span> <span class='ocrx_word' id='word_1_24' title='bbox 964 851 1122 933; x_wconf 90' lang='lat' dir='ltr'>Circeios,</span> <span class='ocrx_word' id='word_1_25' title='bbox 1139 852 1312 942; x_wconf 85' lang='lat' dir='ltr'>¹Norbam,</span> 
     </span>
     <span class='ocr_line' id='line_1_5' title="bbox 236 955 1314 1038; baseline -0.004 -14"><span class='ocrx_word' id='word_1_26' title='bbox 236 957 413 1037; x_wconf 81' lang='lat' dir='ltr'>Satricum,</span> <span class='ocrx_word' id='word_1_27' title='bbox 437 955 573 1037; x_wconf 89' lang='lat' dir='ltr'>Setiam,</span> <span class='ocrx_word' id='word_1_28' title='bbox 598 955 752 1036; x_wconf 80' lang='lat' dir='ltr'>Velitras,</span> <span class='ocrx_word' id='word_1_29' title='bbox 776 959 890 1038; x_wconf 83' lang='lat' dir='ltr'>utpote</span> <span class='ocrx_word' id='word_1_30' title='bbox 914 972 1001 1038; x_wconf 90' lang='lat' dir='ltr'>quae</span> <span class='ocrx_word' id='word_1_31' title='bbox 1024 960 1137 1021; x_wconf 79' lang='lat' dir='ltr'><strong>essent</strong></span> <span class='ocrx_word' id='word_1_32' title='bbox 1152 955 1314 1038; x_wconf 88' lang='lat' dir='ltr'>antiquis-</span> 
     </span>
     <span class='ocr_line' id='line_1_6' title="bbox 237 1050 1313 1140; baseline -0.002 -16"><span class='ocrx_word' id='word_1_33' title='bbox 237 1050 353 1140; x_wconf 84' lang='lat' dir='ltr'>simae,</span> <span class='ocrx_word' id='word_1_34' title='bbox 384 1057 508 1124; x_wconf 89' lang='lat' dir='ltr'>relatas</span> <span class='ocrx_word' id='word_1_35' title='bbox 540 1057 642 1124; x_wconf 88' lang='lat' dir='ltr'>luisse</span> <span class='ocrx_word' id='word_1_36' title='bbox 666 1058 851 1124; x_wconf 82' lang='lat' dir='ltr'>contendit:</span> <span class='ocrx_word' id='word_1_37' title='bbox 890 1075 951 1123; x_wconf 88' lang='lat' dir='ltr'>eae</span> <span class='ocrx_word' id='word_1_38' title='bbox 975 1077 1035 1122; x_wconf 89' lang='lat' dir='ltr'>cur</span> <span class='ocrx_word' id='word_1_39' title='bbox 1057 1057 1150 1123; x_wconf 90' lang='lat' dir='ltr'>solae</span> <span class='ocrx_word' id='word_1_40' title='bbox 1173 1058 1241 1122; x_wconf 92' lang='lat' dir='ltr'>sint</span> <span class='ocrx_word' id='word_1_41' title='bbox 1263 1058 1313 1122; x_wconf 90' lang='lat' dir='ltr'>in-</span> 
     </span>
     <span class='ocr_line' id='line_1_7' title="bbox 237 1160 1311 1246; baseline -0.002 -17"><span class='ocrx_word' id='word_1_42' title='bbox 237 1163 381 1246; x_wconf 83' lang='lat' dir='ltr'>scriptae</span> <span class='ocrx_word' id='word_1_43' title='bbox 414 1181 518 1228; x_wconf 88' lang='lat' dir='ltr'>causa</span> <span class='ocrx_word' id='word_1_44' title='bbox 550 1181 618 1228; x_wconf 89' lang='lat' dir='ltr'>non</span> <span class='ocrx_word' id='word_1_45' title='bbox 655 1167 706 1228; x_wconf 91' lang='lat' dir='ltr'>est</span> <span class='ocrx_word' id='word_1_46' title='bbox 729 1181 846 1246; x_wconf 87' lang='lat' dir='ltr'>neque,</span> <span class='ocrx_word' id='word_1_47' title='bbox 886 1161 916 1227; x_wconf 90' lang='lat' dir='ltr'>si</span> <span class='ocrx_word' id='word_1_48' title='bbox 946 1181 1000 1228; x_wconf 91' lang='lat' dir='ltr'>res</span> <span class='ocrx_word' id='word_1_49' title='bbox 1029 1161 1077 1227; x_wconf 90' lang='lat' dir='ltr'>ita</span> <span class='ocrx_word' id='word_1_50' title='bbox 1101 1181 1138 1228; x_wconf 92' lang='lat' dir='ltr'>se</span> <span class='ocrx_word' id='word_1_51' title='bbox 1162 1160 1311 1243; x_wconf 90' lang='lat' dir='ltr'>haberet,</span> 
     </span>
     <span class='ocr_line' id='line_1_8' title="bbox 238 1265 1313 1350; baseline -0.004 -15"><span class='ocrx_word' id='word_1_52' title='bbox 238 1269 325 1336; x_wconf 86' lang='lat' dir='ltr'>Cora</span> <span class='ocrx_word' id='word_1_53' title='bbox 349 1272 382 1334; x_wconf 89' lang='lat' dir='ltr'>et</span> <span class='ocrx_word' id='word_1_54' title='bbox 404 1267 518 1350; x_wconf 84' lang='lat' dir='ltr'>Signia</span> <span class='ocrx_word' id='word_1_55' title='bbox 541 1266 703 1349; x_wconf 89' lang='lat' dir='ltr'>coloniae,</span> <span class='ocrx_word' id='word_1_56' title='bbox 729 1286 804 1332; x_wconf 89' lang='lat' dir='ltr'>cum</span> <span class='ocrx_word' id='word_1_57' title='bbox 821 1265 1055 1332; x_wconf 88' lang='lat' dir='ltr'>nonnullarum</span> <span class='ocrx_word' id='word_1_58' title='bbox 1079 1265 1181 1331; x_wconf 90' lang='lat' dir='ltr'>etiam</span> <span class='ocrx_word' id='word_1_59' title='bbox 1197 1284 1313 1331; x_wconf 88' lang='lat' dir='ltr'>earum</span> 
     </span>
     <span class='ocr_line' id='line_1_9' title="bbox 237 1366 1312 1456; baseline -0.006 -16"><span class='ocrx_word' id='word_1_60' title='bbox 237 1377 431 1456; x_wconf 84' lang='lat' dir='ltr'>superarent</span> <span class='ocrx_word' id='word_1_61' title='bbox 454 1376 610 1452; x_wconf 89' lang='lat' dir='ltr'>aetatem,</span> <span class='ocrx_word' id='word_1_62' title='bbox 635 1371 792 1454; x_wconf 81' lang='lat' dir='ltr'>Dionysio</span> <span class='ocrx_word' id='word_1_63' title='bbox 815 1369 1132 1454; x_wconf 87' lang='lat' dir='ltr'>praetermittendae</span> <span class='ocrx_word' id='word_1_64' title='bbox 1156 1366 1312 1450; x_wconf 88' lang='lat' dir='ltr'>luissent;</span> 
     </span>
     <span class='ocr_line' id='line_1_10' title="bbox 239 1473 1313 1556; baseline -0.006 -14"><span class='ocrx_word' id='word_1_65' title='bbox 239 1477 355 1542; x_wconf 88' lang='lat' dir='ltr'>Albam</span> <span class='ocrx_word' id='word_1_66' title='bbox 382 1495 462 1540; x_wconf 89' lang='lat' dir='ltr'>vero</span> <span class='ocrx_word' id='word_1_67' title='bbox 486 1474 690 1556; x_wconf 79' lang='lat' dir='ltr'>Fauentiam,</span> <span class='ocrx_word' id='word_1_68' title='bbox 729 1493 829 1556; x_wconf 91' lang='lat' dir='ltr'>quam</span> <span class='ocrx_word' id='word_1_69' title='bbox 862 1474 897 1538; x_wconf 93' lang='lat' dir='ltr'>in</span> <span class='ocrx_word' id='word_1_70' title='bbox 919 1473 1035 1538; x_wconf 90' lang='lat' dir='ltr'>urbem</span> <span class='ocrx_word' id='word_1_71' title='bbox 1066 1492 1155 1538; x_wconf 94' lang='lat' dir='ltr'>anno</span> <span class='ocrx_word' id='word_1_72' title='bbox 1180 1473 1313 1538; x_wconf 91' lang='lat' dir='ltr'>demum</span> 
     </span>
    </p>
   </div>
   <div class='ocr_carea' id='block_1_3' title="bbox 134 1570 1314 1661">
    <p class='ocr_par' dir='ltr' id='par_1_3' title="bbox 134 1570 1314 1661">
     <span class='ocr_line' id='line_1_11' title="bbox 134 1570 1314 1661; baseline -0.003 -19"><span class='ocrx_word' id='word_1_73' title='bbox 134 1639 136 1642; x_wconf 77' lang='grc'><strong><em>,</em></strong></span> <span class='ocrx_word' id='word_1_74' title='bbox 238 1578 301 1645; x_wconf 84' lang='grc'>451</span> <span class='ocrx_word' id='word_1_75' title='bbox 327 1598 360 1643; x_wconf 90' lang='lat' dir='ltr'>u.</span> <span class='ocrx_word' id='word_1_76' title='bbox 385 1597 413 1642; x_wconf 89' lang='lat' dir='ltr'>o.</span> <span class='ocrx_word' id='word_1_77' title='bbox 438 1578 546 1643; x_wconf 74' lang='lat' dir='ltr'>Roma</span> <span class='ocrx_word' id='word_1_78' title='bbox 580 1576 712 1642; x_wconf 90' lang='lat' dir='ltr'>colonia</span> <span class='ocrx_word' id='word_1_79' title='bbox 735 1576 878 1640; x_wconf 89' lang='lat' dir='ltr'>deducta</span> <span class='ocrx_word' id='word_1_80' title='bbox 901 1581 952 1641; x_wconf 90' lang='lat' dir='ltr'>est</span> <span class='ocrx_word' id='word_1_81' title='bbox 969 1570 1003 1661; x_wconf 82' lang='grc' dir='ltr'>ι),</span> <span class='ocrx_word' id='word_1_82' title='bbox 1035 1576 1192 1659; x_wconf 88' lang='lat' dir='ltr'>quoniam</span> <span class='ocrx_word' id='word_1_83' title='bbox 1216 1574 1314 1639; x_wconf 91' lang='lat' dir='ltr'>Plinii</span> 
     </span>
    </p>
   </div>
   <div class='ocr_carea' id='block_1_4' title="bbox 237 1677 1315 2901">
    <p class='ocr_par' dir='ltr' id='par_1_4' title="bbox 237 1677 1315 2901">
     <span class='ocr_line' id='line_1_12' title="bbox 237 1677 1313 1763; baseline -0.004 -17"><span class='ocrx_word' id='word_1_84' title='bbox 237 1682 292 1748; x_wconf 94' lang='lat' dir='ltr'>illo</span> <span class='ocrx_word' id='word_1_85' title='bbox 314 1681 389 1747; x_wconf 85' lang='lat' dir='ltr'>loeo</span> <span class='ocrx_word' id='word_1_86' title='bbox 413 1681 577 1762; x_wconf 91' lang='lat' dir='ltr'>laudatur,</span> <span class='ocrx_word' id='word_1_87' title='bbox 602 1679 781 1763; x_wconf 88' lang='lat' dir='ltr'>aliquando</span> <span class='ocrx_word' id='word_1_88' title='bbox 800 1679 834 1744; x_wconf 93' lang='lat' dir='ltr'>in</span> <span class='ocrx_word' id='word_1_89' title='bbox 849 1679 972 1745; x_wconf 89' lang='lat' dir='ltr'>tabulis</span> <span class='ocrx_word' id='word_1_90' title='bbox 989 1677 1092 1744; x_wconf 90' lang='lat' dir='ltr'>luisse</span> <span class='ocrx_word' id='word_1_91' title='bbox 1109 1679 1313 1744; x_wconf 89' lang='lat' dir='ltr'>censendum</span> 
     </span>
     <span class='ocr_line' id='line_1_13' title="bbox 238 1780 1312 1867; baseline -0.005 -17"><span class='ocrx_word' id='word_1_92' title='bbox 238 1791 302 1866; x_wconf 89' lang='lat' dir='ltr'>est;</span> <span class='ocrx_word' id='word_1_93' title='bbox 339 1791 448 1867; x_wconf 88' lang='lat' dir='ltr'>atque,</span> <span class='ocrx_word' id='word_1_94' title='bbox 478 1785 506 1849; x_wconf 91' lang='lat' dir='ltr'>si</span> <span class='ocrx_word' id='word_1_95' title='bbox 530 1783 757 1849; x_wconf 89' lang='lat' dir='ltr'>Mommsenus</span> <span class='ocrx_word' id='word_1_96' title='bbox 786 1787 877 1847; x_wconf 89' lang='lat' dir='ltr'>recte</span> <span class='ocrx_word' id='word_1_97' title='bbox 901 1781 1092 1862; x_wconf 91' lang='lat' dir='ltr'>iudicasset,</span> <span class='ocrx_word' id='word_1_98' title='bbox 1128 1780 1312 1864; x_wconf 90' lang='lat' dir='ltr'>Scaptiam,</span> 
     </span>
     <span class='ocr_line' id='line_1_14' title="bbox 237 1884 1314 1969; baseline -0.006 -14"><span class='ocrx_word' id='word_1_99' title='bbox 237 1888 414 1969; x_wconf 88' lang='lat' dir='ltr'>Satricum,</span> <span class='ocrx_word' id='word_1_100' title='bbox 439 1887 608 1952; x_wconf 90' lang='lat' dir='ltr'>Tellenam</span> <span class='ocrx_word' id='word_1_101' title='bbox 632 1885 731 1952; x_wconf 89' lang='lat' dir='ltr'>urbes</span> <span class='ocrx_word' id='word_1_102' title='bbox 755 1884 843 1968; x_wconf 89' lang='lat' dir='ltr'>quod</span> <span class='ocrx_word' id='word_1_103' title='bbox 859 1885 1037 1968; x_wconf 81' lang='lat' dir='ltr'>Dionysius</span> <span class='ocrx_word' id='word_1_104' title='bbox 1061 1904 1123 1949; x_wconf 90' lang='lat' dir='ltr'>sua</span> <span class='ocrx_word' id='word_1_105' title='bbox 1146 1889 1257 1950; x_wconf 90' lang='lat' dir='ltr'>aetate</span> <span class='ocrx_word' id='word_1_106' title='bbox 1281 1889 1314 1950; x_wconf 90' lang='lat' dir='ltr'>et</span> 
     </span>
     <span class='ocr_line' id='line_1_15' title="bbox 238 1987 1312 2070; baseline -0.002 -16"><span class='ocrx_word' id='word_1_107' title='bbox 238 1991 380 2056; x_wconf 85' lang='lat' dir='ltr'>existere</span> <span class='ocrx_word' id='word_1_108' title='bbox 408 1995 440 2054; x_wconf 92' lang='lat' dir='ltr'>et</span> <span class='ocrx_word' id='word_1_109' title='bbox 475 1987 565 2054; x_wconf 85' lang='lat' dir='ltr'>feriis</span> <span class='ocrx_word' id='word_1_110' title='bbox 597 1990 770 2068; x_wconf 89' lang='lat' dir='ltr'>interesse,</span> <span class='ocrx_word' id='word_1_111' title='bbox 806 2007 869 2052; x_wconf 90' lang='lat' dir='ltr'>sua</span> <span class='ocrx_word' id='word_1_112' title='bbox 900 1993 1013 2052; x_wconf 91' lang='lat' dir='ltr'>autem</span> <span class='ocrx_word' id='word_1_113' title='bbox 1046 1987 1172 2051; x_wconf 86' lang='lat' dir='ltr'>Plinius</span> <span class='ocrx_word' id='word_1_114' title='bbox 1204 2005 1312 2070; x_wconf 87' lang='lat' dir='ltr'>neque</span> 
     </span>
     <span class='ocr_line' id='line_1_16' title="bbox 238 2090 1315 2174; baseline -0.005 -17"><span class='ocrx_word' id='word_1_115' title='bbox 238 2093 379 2157; x_wconf 86' lang='lat' dir='ltr'>existere</span> <span class='ocrx_word' id='word_1_116' title='bbox 414 2107 521 2174; x_wconf 90' lang='lat' dir='ltr'>neque</span> <span class='ocrx_word' id='word_1_117' title='bbox 544 2090 674 2155; x_wconf 90' lang='lat' dir='ltr'>illarum</span> <span class='ocrx_word' id='word_1_118' title='bbox 709 2090 889 2172; x_wconf 87' lang='lat' dir='ltr'>participes</span> <span class='ocrx_word' id='word_1_119' title='bbox 917 2107 991 2154; x_wconf 90' lang='lat' dir='ltr'>esse</span> <span class='ocrx_word' id='word_1_120' title='bbox 1014 2093 1203 2169; x_wconf 87' lang='lat' dir='ltr'>testaretur,</span> <span class='ocrx_word' id='word_1_121' title='bbox 1239 2107 1315 2170; x_wconf 92' lang='lat' dir='ltr'>per-</span> 
     </span>
     <span class='ocr_line' id='line_1_17' title="bbox 239 2190 1313 2278; baseline -0.001 -18"><span class='ocrx_word' id='word_1_122' title='bbox 239 2195 358 2260; x_wconf 89' lang='lat' dir='ltr'>mirum</span> <span class='ocrx_word' id='word_1_123' title='bbox 389 2199 486 2276; x_wconf 89' lang='lat' dir='ltr'>esset,</span> <span class='ocrx_word' id='word_1_124' title='bbox 524 2193 719 2278; x_wconf 88' lang='lat' dir='ltr'>praesertim</span> <span class='ocrx_word' id='word_1_125' title='bbox 754 2212 830 2259; x_wconf 91' lang='lat' dir='ltr'>cum</span> <span class='ocrx_word' id='word_1_126' title='bbox 866 2192 979 2275; x_wconf 82' lang='lat' dir='ltr'>viginti</span> <span class='ocrx_word' id='word_1_127' title='bbox 1015 2190 1084 2259; x_wconf 89' lang='lat' dir='ltr'>lere</span> <span class='ocrx_word' id='word_1_128' title='bbox 1117 2197 1193 2277; x_wconf 91' lang='lat' dir='ltr'>post</span> <span class='ocrx_word' id='word_1_129' title='bbox 1227 2191 1313 2259; x_wconf 91' lang='lat' dir='ltr'>illius</span> 
     </span>
     <span class='ocr_line' id='line_1_18' title="bbox 238 2286 1314 2366; baseline -0.004 0"><span class='ocrx_word' id='word_1_130' title='bbox 238 2305 379 2366; x_wconf 91' lang='lat' dir='ltr'>mortem</span> <span class='ocrx_word' id='word_1_131' title='bbox 414 2299 510 2364; x_wconf 87' lang='lat' dir='ltr'>annis</span> <span class='ocrx_word' id='word_1_132' title='bbox 547 2298 636 2364; x_wconf 90' lang='lat' dir='ltr'>hunc</span> <span class='ocrx_word' id='word_1_133' title='bbox 670 2286 785 2364; x_wconf 84' lang='lat' dir='ltr'>natum</span> <span class='ocrx_word' id='word_1_134' title='bbox 820 2316 895 2364; x_wconf 87' lang='lat' dir='ltr'>esse</span> <span class='ocrx_word' id='word_1_135' title='bbox 923 2297 1086 2364; x_wconf 85' lang='lat' dir='ltr'>sciamus.</span> <span class='ocrx_word' id='word_1_136' title='bbox 1134 2297 1314 2365; x_wconf 89' lang='lat' dir='ltr'>Sedtamen</span> 
     </span>
     <span class='ocr_line' id='line_1_19' title="bbox 238 2402 1312 2487; baseline -0.002 -17"><span class='ocrx_word' id='word_1_137' title='bbox 238 2424 373 2470; x_wconf 88' lang='lat' dir='ltr'>carnem</span> <span class='ocrx_word' id='word_1_138' title='bbox 398 2405 570 2487; x_wconf 88' lang='lat' dir='ltr'>accepisse</span> <span class='ocrx_word' id='word_1_139' title='bbox 594 2404 628 2468; x_wconf 93' lang='lat' dir='ltr'>in</span> <span class='ocrx_word' id='word_1_140' title='bbox 652 2409 763 2470; x_wconf 93' lang='lat' dir='ltr'>monte</span> <span class='ocrx_word' id='word_1_141' title='bbox 787 2402 916 2469; x_wconf 89' lang='lat' dir='ltr'>Albano</span> <span class='ocrx_word' id='word_1_142' title='bbox 946 2403 1080 2483; x_wconf 77' lang='lat' dir='ltr'>triginta</span> <span class='ocrx_word' id='word_1_143' title='bbox 1103 2403 1157 2470; x_wconf 88' lang='lat' dir='ltr'>illa</span> <span class='ocrx_word' id='word_1_144' title='bbox 1180 2404 1312 2487; x_wconf 92' lang='lat' dir='ltr'>oppida,</span> 
     </span>
     <span class='ocr_line' id='line_1_20' title="bbox 238 2508 1313 2594; baseline -0.003 -19"><span class='ocrx_word' id='word_1_145' title='bbox 238 2529 323 2594; x_wconf 88' lang='lat' dir='ltr'>quae</span> <span class='ocrx_word' id='word_1_146' title='bbox 347 2509 523 2593; x_wconf 85' lang='lat' dir='ltr'>Dionysius</span> <span class='ocrx_word' id='word_1_147' title='bbox 559 2508 623 2575; x_wconf 90' lang='lat' dir='ltr'>hoc</span> <span class='ocrx_word' id='word_1_148' title='bbox 654 2508 729 2574; x_wconf 85' lang='lat' dir='ltr'>loco</span> <span class='ocrx_word' id='word_1_149' title='bbox 760 2512 942 2589; x_wconf 90' lang='lat' dir='ltr'>enumerat,</span> <span class='ocrx_word' id='word_1_150' title='bbox 979 2508 1050 2590; x_wconf 90' lang='lat' dir='ltr'>ipse</span> <span class='ocrx_word' id='word_1_151' title='bbox 1080 2526 1211 2591; x_wconf 88' lang='lat' dir='ltr'>quoque</span> <span class='ocrx_word' id='word_1_152' title='bbox 1239 2527 1313 2590; x_wconf 93' lang='lat' dir='ltr'>per-</span> 
     </span>
     <span class='ocr_line' id='line_1_21' title="bbox 237 2602 1312 2693; baseline -0.001 -17"><span class='ocrx_word' id='word_1_153' title='bbox 237 2631 375 2676; x_wconf 88' lang='lat' dir='ltr'>suasum</span> <span class='ocrx_word' id='word_1_154' title='bbox 397 2611 515 2693; x_wconf 91' lang='lat' dir='ltr'>habeo,</span> <span class='ocrx_word' id='word_1_155' title='bbox 541 2631 608 2676; x_wconf 93' lang='lat' dir='ltr'>non</span> <span class='ocrx_word' id='word_1_156' title='bbox 632 2629 697 2692; x_wconf 89' lang='lat' dir='ltr'>quo</span> <span class='ocrx_word' id='word_1_157' title='bbox 721 2610 928 2676; x_wconf 90' lang='lat' dir='ltr'>Mommseno</span> <span class='ocrx_word' id='word_1_158' title='bbox 952 2602 1126 2691; x_wconf 85' lang='lat' dir='ltr'>assentiar,</span> <span class='ocrx_word' id='word_1_159' title='bbox 1151 2611 1210 2675; x_wconf 89' lang='lat' dir='ltr'>sed</span> <span class='ocrx_word' id='word_1_160' title='bbox 1233 2611 1312 2692; x_wconf 90' lang='lat' dir='ltr'>quia</span> 
     </span>
     <span class='ocr_line' id='line_1_22' title="bbox 237 2711 1314 2794; baseline -0.004 -15"><span class='ocrx_word' id='word_1_161' title='bbox 237 2733 278 2779; x_wconf 90' lang='lat' dir='ltr'>ea</span> <span class='ocrx_word' id='word_1_162' title='bbox 312 2713 509 2779; x_wconf 90' lang='lat' dir='ltr'>auctoritate</span> <span class='ocrx_word' id='word_1_163' title='bbox 537 2713 623 2778; x_wconf 88' lang='lat' dir='ltr'>haec</span> <span class='ocrx_word' id='word_1_164' title='bbox 659 2711 805 2794; x_wconf 90' lang='lat' dir='ltr'>luerunt,</span> <span class='ocrx_word' id='word_1_165' title='bbox 851 2719 887 2779; x_wconf 90' lang='lat' dir='ltr'>ut</span> <span class='ocrx_word' id='word_1_166' title='bbox 920 2713 972 2778; x_wconf 88' lang='lat' dir='ltr'>val</span> <span class='ocrx_word' id='word_1_167' title='bbox 1006 2712 1204 2778; x_wconf 89' lang='lat' dir='ltr'>nominatim</span> <span class='ocrx_word' id='word_1_168' title='bbox 1246 2712 1314 2776; x_wconf 90' lang='lat' dir='ltr'>sint</span> 
     </span>
     <span class='ocr_line' id='line_1_23' title="bbox 237 2811 1309 2901; baseline -0.003 -19"><span class='ocrx_word' id='word_1_169' title='bbox 237 2815 402 2900; x_wconf 89' lang='lat' dir='ltr'>appellata</span> <span class='ocrx_word' id='word_1_170' title='bbox 415 2811 440 2900; x_wconf 79' lang='lat'>²)</span> <span class='ocrx_word' id='word_1_171' title='bbox 475 2815 509 2880; x_wconf 93' lang='lat' dir='ltr'>in</span> <span class='ocrx_word' id='word_1_172' title='bbox 544 2813 634 2882; x_wconf 88' lang='lat' dir='ltr'>Casii</span> <span class='ocrx_word' id='word_1_173' title='bbox 670 2811 856 2901; x_wconf 64' lang='lat' dir='ltr'>loederel),</span> <span class='ocrx_word' id='word_1_174' title='bbox 898 2821 997 2898; x_wconf 91' lang='lat' dir='ltr'>atque</span> <span class='ocrx_word' id='word_1_175' title='bbox 1032 2813 1161 2896; x_wconf 82' lang='lat' dir='ltr'>singula</span> <span class='ocrx_word' id='word_1_176' title='bbox 1194 2833 1309 2880; x_wconf 92' lang='lat' dir='ltr'>eorum</span> 
     </span>
    </p>
   </div>
   <div class='ocr_carea' id='block_1_5' title="bbox 236 3005 1314 3078">
    <p class='ocr_par' dir='ltr' id='par_1_5' title="bbox 236 3005 1314 3078">
     <span class='ocr_line' id='line_1_24' title="bbox 236 3005 1314 3078; baseline -0.001 -20"><span class='ocrx_word' id='word_1_177' title='bbox 236 3011 455 3075; x_wconf 69' lang='grc' dir='ltr'><strong><em>Πραινεστίνων,</em></strong></span> <span class='ocrx_word' id='word_1_178' title='bbox 474 3005 622 3070; x_wconf 78' lang='grc' dir='ltr'><strong><em>Πεδανῶν,</em></strong></span> <span class='ocrx_word' id='word_1_179' title='bbox 643 3007 884 3078; x_wconf 74' lang='grc' dir='ltr'>Κορκοτουλανῶν,</span> <span class='ocrx_word' id='word_1_180' title='bbox 909 3009 1095 3076; x_wconf 70' lang='grc' dir='ltr'>Σατρικανῶν,</span> <span class='ocrx_word' id='word_1_181' title='bbox 1120 3008 1314 3069; x_wconf 74' lang='grc' dir='ltr'>Σκαπτηνίων,</span> 
     </span>
    </p>
   </div>
   <div class='ocr_carea' id='block_1_6' title="bbox 236 3090 1315 3932">
    <p class='ocr_par' dir='ltr' id='par_1_6' title="bbox 236 3090 1309 3165">
     <span class='ocr_line' id='line_1_25' title="bbox 236 3090 1309 3165; baseline 0.006 -21"><span class='ocrx_word' id='word_1_182' title='bbox 236 3097 367 3157; x_wconf 75' lang='grc' dir='ltr'><strong><em>Σητίνων,</em></strong></span> <span class='ocrx_word' id='word_1_183' title='bbox 378 3099 743 3164; x_wconf 52' lang='grc' dir='ltr'><strong><em>Τιβουρτίνωνβοοκίανῶν,</em></strong></span> <span class='ocrx_word' id='word_1_184' title='bbox 753 3100 911 3162; x_wconf 68' lang='grc' dir='ltr'><strong><em>Τελληνίων,</em></strong></span> <span class='ocrx_word' id='word_1_185' title='bbox 925 3099 1087 3164; x_wconf 72' lang='grc' dir='ltr'><strong><em>Τοληρίνων,</em></strong></span> <span class='ocrx_word' id='word_1_186' title='bbox 1103 3090 1309 3165; x_wconf 61' lang='grc' dir='ltr'><strong><em>Οιίελιὶρανῶνῖ</em></strong></span> 
     </span>
    </p>

    <p class='ocr_par' dir='ltr' id='par_1_7' title="bbox 297 3176 548 3248">
     <span class='ocr_line' id='line_1_26' title="bbox 297 3176 548 3248; baseline 0.012 -16"><span class='ocrx_word' id='word_1_187' title='bbox 297 3176 316 3248; x_wconf 86' lang='lat'>¹)</span> <span class='ocrx_word' id='word_1_188' title='bbox 335 3179 370 3232; x_wconf 81' lang='lat' dir='ltr'>of.</span> <span class='ocrx_word' id='word_1_189' title='bbox 388 3178 450 3234; x_wconf 87' lang='lat' dir='ltr'>Liv.</span> <span class='ocrx_word' id='word_1_190' title='bbox 468 3181 502 3245; x_wconf 87' lang='lat' dir='ltr'>X,</span> <span class='ocrx_word' id='word_1_191' title='bbox 526 3185 548 3236; x_wconf 86' lang='lat' dir='ltr'>l.</span> 
     </span>
    </p>

    <p class='ocr_par' dir='ltr' id='par_1_8' title="bbox 236 3261 1314 3422">
     <span class='ocr_line' id='line_1_27' title="bbox 293 3261 1314 3337; baseline 0.002 -21"><span class='ocrx_word' id='word_1_192' title='bbox 293 3261 314 3332; x_wconf 81' lang='lat'>²)</span> <span class='ocrx_word' id='word_1_193' title='bbox 333 3262 450 3332; x_wconf 85' lang='lat' dir='ltr'>triginta</span> <span class='ocrx_word' id='word_1_194' title='bbox 468 3265 569 3337; x_wconf 86' lang='lat' dir='ltr'>oppida</span> <span class='ocrx_word' id='word_1_195' title='bbox 587 3265 644 3320; x_wconf 87' lang='lat' dir='ltr'>illis</span> <span class='ocrx_word' id='word_1_196' title='bbox 662 3265 834 3336; x_wconf 83' lang='lat' dir='ltr'>temporibus</span> <span class='ocrx_word' id='word_1_197' title='bbox 859 3263 892 3319; x_wconf 89' lang='lat' dir='ltr'>de</span> <span class='ocrx_word' id='word_1_198' title='bbox 917 3263 1056 3320; x_wconf 84' lang='lat' dir='ltr'>communi</span> <span class='ocrx_word' id='word_1_199' title='bbox 1083 3263 1245 3319; x_wconf 85' lang='lat' dir='ltr'>Latinorum</span> <span class='ocrx_word' id='word_1_200' title='bbox 1271 3281 1314 3318; x_wconf 86' lang='lat' dir='ltr'>sa·</span> 
     </span>
     <span class='ocr_line' id='line_1_28' title="bbox 236 3346 1277 3422; baseline 0.002 -20"><span class='ocrx_word' id='word_1_201' title='bbox 236 3346 296 3402; x_wconf 82' lang='lat' dir='ltr'>luta</span> <span class='ocrx_word' id='word_1_202' title='bbox 314 3347 458 3402; x_wconf 90' lang='lat' dir='ltr'>consulere</span> <span class='ocrx_word' id='word_1_203' title='bbox 476 3348 611 3415; x_wconf 85' lang='lat' dir='ltr'>solebant,</span> <span class='ocrx_word' id='word_1_204' title='bbox 631 3351 667 3404; x_wconf 88' lang='lat' dir='ltr'>cf.</span> <span class='ocrx_word' id='word_1_205' title='bbox 685 3349 802 3422; x_wconf 83' lang='lat' dir='ltr'>Dionys.</span> <span class='ocrx_word' id='word_1_206' title='bbox 820 3349 869 3416; x_wconf 85' lang='lat' dir='ltr'>VI,</span> <span class='ocrx_word' id='word_1_207' title='bbox 889 3351 939 3414; x_wconf 80' lang='lat'>63;</span> <span class='ocrx_word' id='word_1_208' title='bbox 959 3350 1009 3414; x_wconf 79' lang='lat' dir='ltr'>t4;</span> <span class='ocrx_word' id='word_1_209' title='bbox 1029 3350 1079 3414; x_wconf 83' lang='lat'>75;</span> <span class='ocrx_word' id='word_1_210' title='bbox 1098 3348 1159 3403; x_wconf 85' lang='lat' dir='ltr'>Liv.</span> <span class='ocrx_word' id='word_1_211' title='bbox 1178 3349 1213 3414; x_wconf 91' lang='lat' dir='ltr'>II,</span> <span class='ocrx_word' id='word_1_212' title='bbox 1235 3349 1277 3404; x_wconf 88' lang='lat'>18.</span> 
     </span>
    </p>

    <p class='ocr_par' dir='ltr' id='par_1_9' title="bbox 236 3431 1315 3932">
     <span class='ocr_line' id='line_1_29' title="bbox 294 3431 1314 3506; baseline 0 -18"><span class='ocrx_word' id='word_1_213' title='bbox 294 3431 315 3504; x_wconf 82' lang='lat'>⁸)</span> <span class='ocrx_word' id='word_1_214' title='bbox 333 3436 408 3488; x_wconf 87' lang='lat' dir='ltr'>recte</span> <span class='ocrx_word' id='word_1_215' title='bbox 437 3433 510 3489; x_wconf 88' lang='lat' dir='ltr'>enim</span> <span class='ocrx_word' id='word_1_216' title='bbox 537 3433 732 3506; x_wconf 84' lang='lat' dir='ltr'>Schweglerus</span> <span class='ocrx_word' id='word_1_217' title='bbox 758 3435 824 3490; x_wconf 89' lang='lat' dir='ltr'>hist.</span> <span class='ocrx_word' id='word_1_218' title='bbox 853 3435 968 3489; x_wconf 81' lang='lat' dir='ltr'>Roman.</span> <span class='ocrx_word' id='word_1_219' title='bbox 994 3434 1021 3488; x_wconf 93' lang='lat' dir='ltr'>ll</span> <span class='ocrx_word' id='word_1_220' title='bbox 1039 3453 1065 3504; x_wconf 90' lang='lat' dir='ltr'>p.</span> <span class='ocrx_word' id='word_1_221' title='bbox 1094 3436 1147 3490; x_wconf 80' lang='lat'>822</span> <span class='ocrx_word' id='word_1_222' title='bbox 1175 3433 1314 3489; x_wconf 88' lang='lat' dir='ltr'>iudicasse</span> 
     </span>
     <span class='ocr_line' id='line_1_30' title="bbox 236 3516 1314 3589; baseline 0.001 -18"><span class='ocrx_word' id='word_1_223' title='bbox 236 3516 348 3572; x_wconf 85' lang='lat' dir='ltr'>videtur</span> <span class='ocrx_word' id='word_1_224' title='bbox 371 3518 500 3589; x_wconf 81' lang='lat' dir='ltr'>Dionysii</span> <span class='ocrx_word' id='word_1_225' title='bbox 526 3518 647 3574; x_wconf 89' lang='lat' dir='ltr'>indicem</span> <span class='ocrx_word' id='word_1_226' title='bbox 674 3536 729 3572; x_wconf 90' lang='lat' dir='ltr'>non</span> <span class='ocrx_word' id='word_1_227' title='bbox 755 3536 817 3573; x_wconf 84' lang='lat' dir='ltr'>esse</span> <span class='ocrx_word' id='word_1_228' title='bbox 844 3519 940 3573; x_wconf 89' lang='lat' dir='ltr'>lictum</span> <span class='ocrx_word' id='word_1_229' title='bbox 968 3517 1003 3573; x_wconf 89' lang='lat' dir='ltr'>ab</span> <span class='ocrx_word' id='word_1_230' title='bbox 1029 3517 1091 3589; x_wconf 91' lang='lat' dir='ltr'>ipso</span> <span class='ocrx_word' id='word_1_231' title='bbox 1119 3520 1169 3572; x_wconf 86' lang='lat' dir='ltr'>aut</span> <span class='ocrx_word' id='word_1_232' title='bbox 1195 3518 1231 3572; x_wconf 89' lang='lat' dir='ltr'>ab</span> <span class='ocrx_word' id='word_1_233' title='bbox 1259 3517 1314 3572; x_wconf 84' lang='lat' dir='ltr'>alio</span> 
     </span>
     <span class='ocr_line' id='line_1_31' title="bbox 237 3601 1314 3674; baseline 0.002 -18"><span class='ocrx_word' id='word_1_234' title='bbox 237 3601 355 3671; x_wconf 87' lang='lat' dir='ltr'>quodam</span> <span class='ocrx_word' id='word_1_235' title='bbox 373 3619 466 3657; x_wconf 86' lang='lat' dir='ltr'>rerum</span> <span class='ocrx_word' id='word_1_236' title='bbox 485 3603 662 3674; x_wconf 85' lang='lat' dir='ltr'>antiquarum</span> <span class='ocrx_word' id='word_1_237' title='bbox 681 3621 736 3657; x_wconf 90' lang='lat' dir='ltr'>non</span> <span class='ocrx_word' id='word_1_238' title='bbox 755 3602 892 3674; x_wconf 89' lang='lat' dir='ltr'>imperito,</span> <span class='ocrx_word' id='word_1_239' title='bbox 911 3603 960 3658; x_wconf 88' lang='lat' dir='ltr'>sad</span> <span class='ocrx_word' id='word_1_240' title='bbox 979 3621 1015 3658; x_wconf 88' lang='lat' dir='ltr'>ex</span> <span class='ocrx_word' id='word_1_241' title='bbox 1032 3602 1145 3668; x_wconf 86' lang='lat' dir='ltr'>tabulis,</span> <span class='ocrx_word' id='word_1_242' title='bbox 1165 3602 1194 3656; x_wconf 89' lang='lat' dir='ltr'>in</span> <span class='ocrx_word' id='word_1_243' title='bbox 1213 3601 1314 3674; x_wconf 87' lang='lat' dir='ltr'>quibus</span> 
     </span>
     <span class='ocr_line' id='line_1_32' title="bbox 238 3685 1315 3759; baseline 0.001 -19"><span class='ocrx_word' id='word_1_244' title='bbox 238 3685 328 3740; x_wconf 77' lang='lat' dir='ltr'>(lossii</span> <span class='ocrx_word' id='word_1_245' title='bbox 346 3687 444 3742; x_wconf 81' lang='lat' dir='ltr'>foedus</span> <span class='ocrx_word' id='word_1_246' title='bbox 465 3705 537 3742; x_wconf 89' lang='lat' dir='ltr'>anno</span> <span class='ocrx_word' id='word_1_247' title='bbox 555 3691 606 3744; x_wconf 82' lang='lat'>261</span> <span class='ocrx_word' id='word_1_248' title='bbox 627 3705 654 3743; x_wconf 88' lang='lat' dir='ltr'>u.</span> <span class='ocrx_word' id='word_1_249' title='bbox 674 3706 698 3742; x_wconf 92' lang='lat' dir='ltr'>c.</span> <span class='ocrx_word' id='word_1_250' title='bbox 719 3706 783 3742; x_wconf 88' lang='lat' dir='ltr'>cum</span> <span class='ocrx_word' id='word_1_251' title='bbox 802 3686 909 3742; x_wconf 85' lang='lat' dir='ltr'>Latinis</span> <span class='ocrx_word' id='word_1_252' title='bbox 934 3687 1020 3744; x_wconf 85' lang='lat' dir='ltr'>ictum</span> <span class='ocrx_word' id='word_1_253' title='bbox 1048 3687 1218 3759; x_wconf 85' lang='lat' dir='ltr'>descriptum</span> <span class='ocrx_word' id='word_1_254' title='bbox 1246 3689 1315 3752; x_wconf 87' lang='lat' dir='ltr'>erat,</span> 
     </span>
     <span class='ocr_line' id='line_1_33' title="bbox 238 3762 1315 3844; baseline 0.003 -20"><span class='ocrx_word' id='word_1_255' title='bbox 238 3769 369 3826; x_wconf 85' lang='lat' dir='ltr'>haustum</span> <span class='ocrx_word' id='word_1_256' title='bbox 389 3788 459 3827; x_wconf 87' lang='lat' dir='ltr'>esse.</span> <span class='ocrx_word' id='word_1_257' title='bbox 497 3771 556 3836; x_wconf 86' lang='lat' dir='ltr'>Quo</span> <span class='ocrx_word' id='word_1_258' title='bbox 574 3772 603 3827; x_wconf 91' lang='lat' dir='ltr'>in</span> <span class='ocrx_word' id='word_1_259' title='bbox 622 3772 713 3827; x_wconf 88' lang='lat' dir='ltr'>indice</span> <span class='ocrx_word' id='word_1_260' title='bbox 731 3774 935 3828; x_wconf 88' lang='lat' dir='ltr'>Mommsenum</span> <span class='ocrx_word' id='word_1_261' title='bbox 950 3762 1022 3828; x_wconf 89' lang='lat' dir='ltr'>dial.</span> <span class='ocrx_word' id='word_1_262' title='bbox 1043 3773 1105 3828; x_wconf 75' lang='lat' dir='ltr'>Ital.</span> <span class='ocrx_word' id='word_1_263' title='bbox 1133 3773 1213 3827; x_wconf 83' lang='lat' dir='ltr'>infer.</span> <span class='ocrx_word' id='word_1_264' title='bbox 1233 3791 1259 3844; x_wconf 85' lang='lat' dir='ltr'>p.</span> <span class='ocrx_word' id='word_1_265' title='bbox 1279 3774 1315 3828; x_wconf 83' lang='lat'>54</span> 
     </span>
     <span class='ocr_line' id='line_1_34' title="bbox 236 3852 1315 3932; baseline 0.005 -24"><span class='ocrx_word' id='word_1_266' title='bbox 236 3852 266 3908; x_wconf 87' lang='lat' dir='ltr'>id</span> <span class='ocrx_word' id='word_1_267' title='bbox 285 3855 407 3922; x_wconf 79' lang='lat' dir='ltr'>offendit,</span> <span class='ocrx_word' id='word_1_268' title='bbox 434 3857 506 3928; x_wconf 89' lang='lat' dir='ltr'>quod</span> <span class='ocrx_word' id='word_1_269' title='bbox 531 3857 560 3912; x_wconf 89' lang='lat' dir='ltr'>in</span> <span class='ocrx_word' id='word_1_270' title='bbox 577 3858 662 3912; x_wconf 88' lang='lat' dir='ltr'>verbo</span> <span class='ocrx_word' id='word_1_271' title='bbox 685 3865 790 3932; x_wconf 75' lang='grc' dir='ltr'><strong><em>Γαβίων</em></strong></span> <span class='ocrx_word' id='word_1_272' title='bbox 820 3858 845 3913; x_wconf 78' lang='lat' dir='ltr'><strong>G</strong></span> <span class='ocrx_word' id='word_1_273' title='bbox 869 3857 973 3924; x_wconf 86' lang='lat' dir='ltr'>littera,</span> <span class='ocrx_word' id='word_1_274' title='bbox 1000 3876 1072 3930; x_wconf 88' lang='lat' dir='ltr'>quae</span> <span class='ocrx_word' id='word_1_275' title='bbox 1102 3857 1192 3914; x_wconf 78' lang='lat' dir='ltr'>(lossii</span> <span class='ocrx_word' id='word_1_276' title='bbox 1221 3861 1315 3913; x_wconf 85' lang='lat' dir='ltr'>aetate</span> 
     </span>
    </p>
   </div>
   <div class='ocr_carea' id='block_1_7' title="bbox 237 3946 1315 4356">
    <p class='ocr_par' dir='ltr' id='par_1_10' title="bbox 237 3946 1315 4356">
     <span class='ocr_line' id='line_1_35' title="bbox 237 3946 1314 4024; baseline 0.004 -24"><span class='ocrx_word' id='word_1_277' title='bbox 237 3946 358 4002; x_wconf 88' lang='lat' dir='ltr'>nondum</span> <span class='ocrx_word' id='word_1_278' title='bbox 376 3947 544 4015; x_wconf 81' lang='lat' dir='ltr'>innotuerat,</span> <span class='ocrx_word' id='word_1_279' title='bbox 563 3949 636 4004; x_wconf 88' lang='lat' dir='ltr'>inter</span> <span class='ocrx_word' id='word_1_280' title='bbox 654 3949 676 4002; x_wconf 80' lang='lat' dir='ltr'><strong>F</strong></span> <span class='ocrx_word' id='word_1_281' title='bbox 695 3949 759 4004; x_wconf 68' lang='lat' dir='ltr'>etr,</span> <span class='ocrx_word' id='word_1_282' title='bbox 776 3948 887 4004; x_wconf 85' lang='lat' dir='ltr'>litteras</span> <span class='ocrx_word' id='word_1_283' title='bbox 905 3951 1033 4006; x_wconf 87' lang='lat' dir='ltr'>occurrit.</span> <span class='ocrx_word' id='word_1_284' title='bbox 1053 3949 1106 4006; x_wconf 87' lang='lat' dir='ltr'>Sed</span> <span class='ocrx_word' id='word_1_285' title='bbox 1125 3950 1223 4024; x_wconf 91' lang='lat' dir='ltr'>opinor</span> <span class='ocrx_word' id='word_1_286' title='bbox 1243 3969 1314 4016; x_wconf 87' lang='lat' dir='ltr'>eum,</span> 
     </span>
     <span class='ocr_line' id='line_1_36' title="bbox 238 4031 1314 4107; baseline 0.003 -21"><span class='ocrx_word' id='word_1_287' title='bbox 238 4031 285 4101; x_wconf 89' lang='lat' dir='ltr'>qui</span> <span class='ocrx_word' id='word_1_288' title='bbox 304 4033 465 4104; x_wconf 88' lang='lat' dir='ltr'>oppidorum</span> <span class='ocrx_word' id='word_1_289' title='bbox 484 4034 596 4089; x_wconf 88' lang='lat' dir='ltr'>nomina</span> <span class='ocrx_word' id='word_1_290' title='bbox 616 4053 650 4089; x_wconf 88' lang='lat' dir='ltr'>ex</span> <span class='ocrx_word' id='word_1_291' title='bbox 670 4033 846 4100; x_wconf 70' lang='lat' dir='ltr'>columnata</span> <span class='ocrx_word' id='word_1_292' title='bbox 865 4051 920 4105; x_wconf 86' lang='lat' dir='ltr'>qua</span> <span class='ocrx_word' id='word_1_293' title='bbox 938 4035 1036 4089; x_wconf 82' lang='lat' dir='ltr'>foedus</span> <span class='ocrx_word' id='word_1_294' title='bbox 1053 4035 1122 4090; x_wconf 90' lang='lat' dir='ltr'>illud</span> <span class='ocrx_word' id='word_1_295' title='bbox 1141 4035 1314 4107; x_wconf 86' lang='lat' dir='ltr'>insculptum</span> 
     </span>
     <span class='ocr_line' id='line_1_37' title="bbox 238 4116 1315 4191; baseline 0.003 -22"><span class='ocrx_word' id='word_1_296' title='bbox 238 4117 354 4186; x_wconf 85' lang='lat' dir='ltr'>erat(ol.</span> <span class='ocrx_word' id='word_1_297' title='bbox 363 4116 418 4173; x_wconf 75' lang='lat' dir='ltr'>cio.</span> <span class='ocrx_word' id='word_1_298' title='bbox 428 4119 571 4190; x_wconf 86' lang='lat' dir='ltr'>proBalbo</span> <span class='ocrx_word' id='word_1_299' title='bbox 582 4122 687 4190; x_wconf 84' lang='grc'>23,53),</span> <span class='ocrx_word' id='word_1_300' title='bbox 697 4118 853 4191; x_wconf 86' lang='lat' dir='ltr'>descripsit,</span> <span class='ocrx_word' id='word_1_301' title='bbox 871 4119 1018 4190; x_wconf 87' lang='lat' dir='ltr'>postquam</span> <span class='ocrx_word' id='word_1_302' title='bbox 1028 4119 1062 4173; x_wconf 88' lang='lat' dir='ltr'>ad</span> <span class='ocrx_word' id='word_1_303' title='bbox 1071 4118 1169 4174; x_wconf 84' lang='lat' dir='ltr'>GABII</span> <span class='ocrx_word' id='word_1_304' title='bbox 1178 4117 1315 4191; x_wconf 88' lang='lat' dir='ltr'>pervenit,</span> 
     </span>
     <span class='ocr_line' id='line_1_38' title="bbox 238 4199 1315 4278; baseline 0.005 -23"><span class='ocrx_word' id='word_1_305' title='bbox 238 4199 266 4257; x_wconf 89' lang='lat' dir='ltr'>id</span> <span class='ocrx_word' id='word_1_306' title='bbox 285 4219 393 4269; x_wconf 87' lang='lat' dir='ltr'>nomen,</span> <span class='ocrx_word' id='word_1_307' title='bbox 412 4205 479 4260; x_wconf 87' lang='lat' dir='ltr'>tnnc</span> <span class='ocrx_word' id='word_1_308' title='bbox 497 4204 609 4276; x_wconf 89' lang='lat' dir='ltr'>quidem</span> <span class='ocrx_word' id='word_1_309' title='bbox 627 4204 827 4270; x_wconf 86' lang='lat' dir='ltr'>intermissum,</span> <span class='ocrx_word' id='word_1_310' title='bbox 841 4206 947 4278; x_wconf 85' lang='lat' dir='ltr'>postea,</span> <span class='ocrx_word' id='word_1_311' title='bbox 967 4222 1029 4260; x_wconf 85' lang='lat' dir='ltr'>cum</span> <span class='ocrx_word' id='word_1_312' title='bbox 1042 4203 1165 4260; x_wconf 84' lang='lat' dir='ltr'>litteram</span> <span class='ocrx_word' id='word_1_313' title='bbox 1185 4205 1206 4260; x_wconf 71' lang='lat'>1⁴¹</span> <span class='ocrx_word' id='word_1_314' title='bbox 1226 4205 1315 4261; x_wconf 85' lang='lat' dir='ltr'>absol-</span> 
     </span>
     <span class='ocr_line' id='line_1_39' title="bbox 239 4287 1314 4356; baseline 0.003 -11"><span class='ocrx_word' id='word_1_315' title='bbox 239 4287 336 4356; x_wconf 88' lang='lat' dir='ltr'>visset,</span> <span class='ocrx_word' id='word_1_316' title='bbox 355 4289 475 4348; x_wconf 90' lang='lat' dir='ltr'>recentis</span> <span class='ocrx_word' id='word_1_317' title='bbox 489 4309 593 4347; x_wconf 89' lang='lat' dir='ltr'>memor</span> <span class='ocrx_word' id='word_1_318' title='bbox 607 4289 746 4346; x_wconf 82' lang='lat' dir='ltr'>scribendi</span> <span class='ocrx_word' id='word_1_319' title='bbox 753 4301 821 4346; x_wconf 77' lang='lat' dir='ltr'>usus</span> <span class='ocrx_word' id='word_1_320' title='bbox 835 4289 863 4345; x_wconf 91' lang='lat' dir='ltr'>in</span> <span class='ocrx_word' id='word_1_321' title='bbox 876 4289 951 4346; x_wconf 89' lang='lat' dir='ltr'>huno</span> <span class='ocrx_word' id='word_1_322' title='bbox 960 4288 1060 4346; x_wconf 85' lang='lat' dir='ltr'>indicis</span> <span class='ocrx_word' id='word_1_323' title='bbox 1069 4290 1160 4346; x_wconf 88' lang='lat' dir='ltr'>locum</span> <span class='ocrx_word' id='word_1_324' title='bbox 1175 4289 1314 4348; x_wconf 86' lang='lat' dir='ltr'>intulisse.</span> 
     </span>
    </p>
   </div>
   <div class='ocr_carea' id='block_1_8' title="bbox 0 0 1587 5116">
    <p class='ocr_par' dir='ltr' id='par_1_11' title="bbox 0 0 1587 5116">
     <span class='ocr_line' id='line_1_40' title="bbox 0 0 1587 5116; baseline 0 0"><span class='ocrx_word' id='word_1_325' title='bbox 0 0 1587 5116; x_wconf 95' lang='lat' dir='ltr'> </span> 
     </span>
    </p>
   </div>
  </div>
 </body>
</html>
