3158 5116
801 530 837 584 48

352 675 413 742 Dio
436 694 534 758 porro
557 674 593 740 L.
617 675 705 740 Junii
729 674 833 742 Silani
858 682 890 742 et
914 675 972 742 Cn.
996 676 1132 760 Pompei
1148 677 1268 760 Magni,
1292 681 1355 744 im-

285 780 449 863 peratoris
486 777 615 845 Claudii
649 796 855 862 generorum,
894 777 1139 862 praefecturam
1175 783 1355 848 memoriae

284 883 427 966 prodidit
453 881 507 963 60,
532 882 563 964 ὃ,
593 881 649 946 ubi
672 887 762 947 sunt:
799 881 885 958 ,τούς
905 884 1069 962 γαμβροὺς
1090 881 1158 944 τότε
1180 907 1211 945 τε
1233 889 1267 944 ὲν
1288 893 1354 958 τοῖς

284 979 400 1044 εἴκοσιν
413 978 566 1061 ἀνδράσιν
587 978 680 1061 ἄρξαι
703 979 760 1042 καί
779 980 858 1058 μετὰ
880 983 970 1043 ιτοῦτο
991 983 1205 1064 πολιαρχῆσαι
1229 985 1262 1044 ἐν
1283 992 1355 1054 ταῖς

286 1077 418 1158 ἀνοχαῖς
440 1076 622 1150 ἑκέλευσιν.’
648 1080 720 1160 Quo
745 1099 786 1146 ex
808 1081 884 1146 loco
908 1082 983 1146 ellel
1014 1101 1080 1148 non
1112 1089 1264 1165 oportere
1295 1101 1353 1148 eos

284 1197 360 1250 una'
383 1185 500 1250 eodem
528 1203 627 1266 anno,
661 1185 694 1250 id
727 1190 778 1250 est
808 1203 897 1250 anno
927 1185 968 1249 41
1001 1193 1059 1251 aut
1086 1185 1129 1250 42
1153 1204 1184 1268 p.
1210 1184 1287 1250 Chr.
1310 1204 1354 1264 n,

283 1285 471 1370 praefectos
496 1287 597 1351 l'uIssc
619 1285 732 1352 titulus
764 1284 800 1353 C.
827 1286 847 1354 l.
879 1289 944 1353 Att.
973 1288 1024 1368 ΙΙΙ,
1056 1291 1086 1370 1,
1119 1288 1184 1352 612
1218 1289 1356 1352 dernen-

284 1396 378 1468 strat,
402 1408 467 1472 quo
491 1396 569 1454 ante
592 1390 849 1471 vigintiviratnm
867 1390 1017 1458 Silanum
1032 1390 1237 1475 praelectum
1254 1389 1356 1455 luisse

283 1493 432 1557 traditur.
457 1491 532 1556 Jam
555 1490 665 1556 verhIs
688 1491 751 1556 illis
775 1497 808 1556 et
830 1493 925 1558 titulo
948 1493 1077 1558 collatis
1092 1493 1242 1574 Dionem,
1267 1493 1355 1576 qnod

284 1594 327 1658 ad
351 1594 543 1675 Pompeium
567 1593 675 1658 solnm
700 1593 871 1676 attinebat,
898 1596 931 1660 id
954 1596 1152 1677 negligentia
1166 1601 1224 1660 aut
1247 1593 1355 1659 brevi-

284 1697 362 1761 tatis
386 1715 491 1762 causa
514 1696 558 1761 ad
580 1695 728 1763 Silanum
751 1715 881 1782 quoque
905 1698 1057 1764 retulisse
1085 1697 1352 1764 existimaverim.

284 1799 394 1880 Quare
417 1799 611 1882 Pompeium
635 1818 723 1865 anno
746 1801 786 1864 41
812 1821 844 1883 p.
869 1800 946 1866 Chr.
971 1821 1002 1868 n.
1016 1801 1247 1883 vigintivirum,
1265 1818 1354 1865 anno

288 1901 330 1966 42
354 1900 570 1984 praelectum,
583 1899 732 1967 Silanum
746 1908 856 1966 antem
870 1921 959 1968 anno
975 1905 1015 1966 41
1034 1901 1248 1985 praelectum,
1266 1920 1354 1966 anno

284 2002 327 2066 42
350 2003 557 2067 triumvirum
581 1999 682 2067 luisse
705 2003 790 2067 tituli
814 2022 916 2086 opera
939 2005 1150 2069 statuendum
1174 2010 1232 2068 est.
1282 2002 1354 2082 Qua

283 2113 354 2170 tum
384 2105 561 2187 Pompeius
592 2111 703 2170 aetate
732 2104 838 2186 luerit,
876 2107 937 2170 etsi
969 2111 1035 2171 non
1060 2108 1208 2187 traditur,
1240 2113 1352 2171 tamen

285 2226 371 2290 eum,
396 2227 472 2291 cum
496 2207 670 2289 Antoniae,
696 2206 784 2273 filiae
800 2209 936 2273 maioris
952 2210 1200 2299 natu-maritus
1218 2215 1305 2273 esset
1316 2206 1350 2292 ¹),

284 2310 398 2378 Silano
422 2311 583 2375 maiorem
608 2308 710 2374 luisse
734 2313 804 2375 veri
828 2318 879 2376 est
902 2312 1019 2378 simile.
1052 2310 1203 2377 Silanum
1227 2316 1349 2390 autem,

286 2413 513 2492 cuminsignia
537 2411 748 2492 triumphalia
774 2414 941 2493 occiperet
965 2411 1150 2489 aClaudi0‚
1174 2409 1351 2476 Suetonius

284 2513 319 2578 in
349 2511 479 2578 Claudii
506 2513 595 2576 vitae
626 2530 698 2593 cap.
735 2513 778 2575 24
807 2513 953 2577 nondum
981 2512 1112 2594 pubem,
1142 2511 1202 2576 Dio
1230 2509 1283 2591 60,
1308 2509 1349 2574 31

284 2609 318 2674 ἐν
339 2611 433 2673 narni
457 2611 558 2688 fuisse
575 2613 697 2680 dieunt.
723 2611 813 2692 Quos
830 2615 901 2679 elus
918 2621 1063 2679 aetatem
1080 2615 1350 2696 minoremquam

282 2734 397 2782 verum
421 2722 493 2781 crat
517 2716 650 2781 duxisse
673 2715 785 2780 titulus
809 2715 999 2782 Tiburtinus
1029 2735 1050 2782 a
1080 2716 1287 2782 Mommseno
1317 2715 1351 2778 in

283 2820 357 2903 eph.
382 2821 481 2902 epigr.
505 2820 568 2884 vol.
594 2818 606 2883 Ι
630 2839 703 2902 pag.
728 2819 771 2883 62
795 2840 843 2903 sq.
868 2827 901 2885 et
924 2839 944 2884 o
968 2820 1087 2885 Rossio
1119 2819 1153 2883 in
1184 2817 1294 2884 annal.
1319 2818 1349 2880 d.

282 2925 356 2988 inst.
381 2922 444 2988 vol.
469 2922 512 2986 45
536 2943 566 3006 p.
592 2922 657 2987 219
681 2922 878 3008 tractatus²)
908 2925 1060 3004 ostendit,
1100 2941 1175 2987 cum
1201 2911 1350 2987 Silanum

283 3023 539 3110 duodeviginti³)
562 3032 632 3091 tum
658 3046 764 3092 annos
789 3033 905 3093 natum
938 3026 1040 3092 luisse
1071 3026 1252 3091 memoriae
1275 3041 1351 3106 pro-

283 3131 349 3194 dat.
376 3129 448 3209 Quo
472 3127 612 3194 efficitur
635 3129 793 3211 Silanum,
819 3131 897 3214 quia
917 3130 1031 3212 procul
1055 3130 1154 3194 dubio
1171 3129 1204 3192 in
1220 3128 1350 3191 Britan-

282 3233 359 3296 nico
371 3231 500 3297 Claudii
524 3231 699 3312 triumpho,
725 3232 758 3296 id
782 3238 832 3296 cst
856 3251 945 3296 anno
969 3232 1022 3312 44,
1047 3231 1189 3312 insignia
1208 3228 1348 3309 accepit,

283 3353 350 3399 non
381 3353 528 3417 puerum,
560 3335 618 3398 sed
648 3335 759 3416 paullo
783 3341 858 3418 post
888 3343 999 3417 togam
1023 3333 1150 3400 virilem
1182 3337 1349 3415 sumptam

282 3438 384 3503 tuisse
399 3435 615 3519 praetectum.

347 3540 397 3605 De
420 3540 561 3604 Neronis
585 3539 796 3622 praefectura
828 3539 1003 3606 Suetonius
1033 3541 1067 3604 in
1097 3538 1238 3604 Neronis
1260 3537 1350 3601 vitae

281 3660 354 3724 cap.
380 3643 399 3705 7
423 3643 506 3705 haec
530 3640 643 3705 tradit:
669 3641 776 3724 ,Apud
800 3642 941 3707 eundem
965 3642 1135 3706 consulem
1158 3660 1218 3723 pro
1241 3640 1349 3704 Bono-

280 3743 450 3809 niensibus
483 3742 607 3826 Latine,
641 3763 700 3826 pro
731 3730 855 3810 Rhodis
886 3751 985 3828 atque
1019 3742 1192 3809 iliensibus
1221 3739 1349 3808 Graece

338 3952 358 4022 ¹)
376 3951 451 4006 Suet.
471 3952 566 4007 claud.
585 3970 608 4007 e.
628 3955 671 4008 29.

336 4035 357 4105 ²)
377 4036 406 4090 G.
425 4037 446 4090 Ι.
465 4036 495 4090 h.
514 4035 588 4102 xiv,
607 4039 678 4093 2500
696 4038 832 4108 repetitus
851 4043 902 4094 est.

294 4143 295 4148 .
336 4118 357 4186 ³)
377 4119 485 4172 uulneri
503 4119 613 4188 signum
632 4120 725 4175 XVIII
745 4139 800 4175 non
820 4140 882 4176 eum
902 4123 1072 4177 Mommscno
1091 4121 1120 4176 in
1139 4121 1218 4177 xvh
1246 4117 1349 4174 mutari

280 4204 380 4272 polest,
399 4220 462 4257 eum
481 4203 559 4258 illam
577 4204 724 4259 lectionem
744 4205 772 4260 in
791 4207 874 4260 tilulo
893 4207 996 4279 optime
1016 4206 1138 4279 conspici
1157 4205 1274 4261 Rossius
1286 4221 1348 4259 con-

280 4286 384 4370 firmet,
403 4288 438 4343 ct.
457 4305 521 4344 anu.
541 4288 575 4343 ad
594 4289 668 4344 hunc
686 4290 808 4345 tilulum.
