<?xml version="1.0" encoding="UTF-8"?>
<!DOCTYPE html PUBLIC "-//W3C//DTD XHTML 1.0 Transitional//EN"
    "http://www.w3.org/TR/xhtml1/DTD/xhtml1-transitional.dtd">
<html xmlns="http://www.w3.org/1999/xhtml" xml:lang="en" lang="en">
 <head>
  <title>
</title>
<meta http-equiv="Content-Type" content="text/html;charset=utf-8" />
  <meta name='ocr-system' content='tesseract 3.04.00' />
  <meta name='ocr-capabilities' content='ocr_page ocr_carea ocr_par ocr_line ocrx_word'/>
</head>
<body>
  <div class='ocr_page' id='page_1' title='image "./deferiislatinis00werngoog_0047.png"; bbox 0 0 3158 5116; ppageno 0'>
   <div class='ocr_carea' id='block_1_1' title="bbox 787 438 824 494">
    <p class='ocr_par' dir='ltr' id='par_1_1' title="bbox 787 438 824 494">
     <span class='ocr_line' id='line_1_1' title="bbox 787 438 824 494; baseline 0.054 -2"><span class='ocrx_word' id='word_1_1' title='bbox 787 438 824 494; x_wconf 83' lang='lat'>40</span> 
     </span>
    </p>
   </div>
   <div class='ocr_carea' id='block_1_2' title="bbox 218 579 1346 2396">
    <p class='ocr_par' dir='ltr' id='par_1_2' title="bbox 218 579 1346 2396">
     <span class='ocr_line' id='line_1_2' title="bbox 270 579 1341 664; baseline -0.002 -18"><span class='ocrx_word' id='word_1_2' title='bbox 270 601 344 646; x_wconf 89' lang='lat' dir='ltr'>rum</span> <span class='ocrx_word' id='word_1_3' title='bbox 368 581 512 662; x_wconf 82' lang='lat' dir='ltr'>victoris,</span> <span class='ocrx_word' id='word_1_4' title='bbox 537 581 705 664; x_wconf 89' lang='lat' dir='ltr'>triumpho</span> <span class='ocrx_word' id='word_1_5' title='bbox 728 581 763 646; x_wconf 89' lang='lat' dir='ltr'>in</span> <span class='ocrx_word' id='word_1_6' title='bbox 787 586 934 646; x_wconf 87' lang='lat' dir='ltr'>montem</span> <span class='ocrx_word' id='word_1_7' title='bbox 962 580 1090 662; x_wconf 81' lang='lat' dir='ltr'>agendo</span> <span class='ocrx_word' id='word_1_8' title='bbox 1107 579 1192 645; x_wconf 84' lang='lat' dir='ltr'>haee</span> <span class='ocrx_word' id='word_1_9' title='bbox 1208 585 1341 645; x_wconf 87' lang='lat' dir='ltr'>narrat:</span> 
     </span>
     <span class='ocr_line' id='line_1_3' title="bbox 272 677 1343 766; baseline 0 -23"><span class='ocrx_word' id='word_1_10' title='bbox 272 686 344 765; x_wconf 67' lang='grc' dir='ltr'>,καί</span> <span class='ocrx_word' id='word_1_11' title='bbox 358 704 391 762; x_wconf 72' lang='grc' dir='ltr'>γε</span> <span class='ocrx_word' id='word_1_12' title='bbox 413 678 447 744; x_wconf 80' lang='grc' dir='ltr'>αἱ</span> <span class='ocrx_word' id='word_1_13' title='bbox 471 677 585 761; x_wconf 70' lang='grc' dir='ltr'><em>ἀνοχαὶ</em></span> <span class='ocrx_word' id='word_1_14' title='bbox 606 680 750 762; x_wconf 71' lang='grc' dir='ltr'>δεύτερον</span> <span class='ocrx_word' id='word_1_15' title='bbox 763 683 820 766; x_wconf 65' lang='grc' dir='ltr'>τήν</span> <span class='ocrx_word' id='word_1_16' title='bbox 838 680 935 765; x_wconf 78' lang='grc' dir='ltr'><em>χάριν</em></span> <span class='ocrx_word' id='word_1_17' title='bbox 949 679 1056 760; x_wconf 78' lang='grc' dir='ltr'><em>αὐτοῦ,</em></span> <span class='ocrx_word' id='word_1_18' title='bbox 1080 680 1157 764; x_wconf 78' lang='grc' dir='ltr'>πρὸς</span> <span class='ocrx_word' id='word_1_19' title='bbox 1178 681 1214 744; x_wconf 81' lang='grc' dir='ltr'>τᾶ</span> <span class='ocrx_word' id='word_1_20' title='bbox 1236 680 1275 744; x_wconf 79' lang='grc' dir='ltr'>τὰ</span> <span class='ocrx_word' id='word_1_21' title='bbox 1297 705 1343 745; x_wconf 77' lang='grc' dir='ltr'>νι-</span> 
     </span>
     <span class='ocr_line' id='line_1_4' title="bbox 272 776 1342 864; baseline 0 -20"><span class='ocrx_word' id='word_1_22' title='bbox 272 780 406 864; x_wconf 71' lang='grc' dir='ltr'><strong><em>κητήρια</em></strong></span> <span class='ocrx_word' id='word_1_23' title='bbox 429 781 462 844; x_wconf 74' lang='grc' dir='ltr'>ἐν</span> <span class='ocrx_word' id='word_1_24' title='bbox 484 779 617 856; x_wconf 70' lang='grc' dir='ltr'>ἐκείναις</span> <span class='ocrx_word' id='word_1_25' title='bbox 638 776 735 844; x_wconf 74' lang='grc' dir='ltr'><em>αὐτόν</em></span> <span class='ocrx_word' id='word_1_26' title='bbox 761 778 926 862; x_wconf 78' lang='grc' dir='ltr'><strong><em>ἑορτάσαι,</em></strong></span> <span class='ocrx_word' id='word_1_27' title='bbox 948 779 1138 864; x_wconf 69' lang='grc' dir='ltr'>γενήσεσθαι</span> <span class='ocrx_word' id='word_1_28' title='bbox 1152 777 1302 858; x_wconf 62' lang='grc' dir='ltr'>ἔμιλλονῖ</span> <span class='ocrx_word' id='word_1_29' title='bbox 1322 787 1342 864; x_wconf 91' lang='lat'>¹)</span> 
     </span>
     <span class='ocr_line' id='line_1_5' title="bbox 271 881 1343 969; baseline -0.003 -18"><span class='ocrx_word' id='word_1_30' title='bbox 271 886 392 951; x_wconf 88' lang='lat' dir='ltr'>Trinae</span> <span class='ocrx_word' id='word_1_31' title='bbox 415 901 494 950; x_wconf 89' lang='lat' dir='ltr'>vero</span> <span class='ocrx_word' id='word_1_32' title='bbox 519 904 578 949; x_wconf 87' lang='lat' dir='ltr'>cur</span> <span class='ocrx_word' id='word_1_33' title='bbox 601 885 739 951; x_wconf 80' lang='lat' dir='ltr'>Latinae</span> <span class='ocrx_word' id='word_1_34' title='bbox 764 883 885 951; x_wconf 82' lang='lat' dir='ltr'>fuerint</span> <span class='ocrx_word' id='word_1_35' title='bbox 908 905 997 952; x_wconf 90' lang='lat' dir='ltr'>anno</span> <span class='ocrx_word' id='word_1_36' title='bbox 1023 883 1087 951; x_wconf 86' lang='grc'>305</span> <span class='ocrx_word' id='word_1_37' title='bbox 1101 905 1133 950; x_wconf 91' lang='lat' dir='ltr'>u.</span> <span class='ocrx_word' id='word_1_38' title='bbox 1147 905 1176 950; x_wconf 88' lang='lat' dir='ltr'>e.</span> <span class='ocrx_word' id='word_1_39' title='bbox 1191 881 1229 969; x_wconf 75' lang='lat'>²),</span> <span class='ocrx_word' id='word_1_40' title='bbox 1247 883 1343 950; x_wconf 84' lang='lat' dir='ltr'>facile</span> 
     </span>
     <span class='ocr_line' id='line_1_6' title="bbox 272 983 1344 1072; baseline 0 -20"><span class='ocrx_word' id='word_1_41' title='bbox 272 988 345 1071; x_wconf 88' lang='lat' dir='ltr'>quis</span> <span class='ocrx_word' id='word_1_42' title='bbox 376 987 521 1051; x_wconf 88' lang='lat' dir='ltr'>miretur.</span> <span class='ocrx_word' id='word_1_43' title='bbox 570 987 664 1066; x_wconf 84' lang='lat' dir='ltr'>Quod</span> <span class='ocrx_word' id='word_1_44' title='bbox 693 983 953 1072; x_wconf 77' lang='lat' dir='ltr'>Mommsenus³)</span> <span class='ocrx_word' id='word_1_45' title='bbox 986 988 1127 1066; x_wconf 85' lang='lat' dir='ltr'>alterum</span> <span class='ocrx_word' id='word_1_46' title='bbox 1158 1005 1217 1052; x_wconf 90' lang='lat' dir='ltr'>eas</span> <span class='ocrx_word' id='word_1_47' title='bbox 1242 986 1344 1052; x_wconf 85' lang='lat' dir='ltr'>fuisse</span> 
     </span>
     <span class='ocr_line' id='line_1_7' title="bbox 218 1087 1343 1170; baseline -0.002 -17"><span class='ocrx_word' id='word_1_48' title='bbox 218 1139 220 1142; x_wconf 85' lang='grc'>-</span> <span class='ocrx_word' id='word_1_49' title='bbox 274 1093 397 1168; x_wconf 82' lang='lat' dir='ltr'>censet,</span> <span class='ocrx_word' id='word_1_50' title='bbox 423 1087 511 1168; x_wconf 89' lang='lat' dir='ltr'>quod</span> <span class='ocrx_word' id='word_1_51' title='bbox 536 1089 707 1152; x_wconf 88' lang='lat' dir='ltr'>universus</span> <span class='ocrx_word' id='word_1_52' title='bbox 731 1087 871 1170; x_wconf 85' lang='lat' dir='ltr'>populus</span> <span class='ocrx_word' id='word_1_53' title='bbox 895 1088 1066 1152; x_wconf 86' lang='lat' dir='ltr'>Romanus</span> <span class='ocrx_word' id='word_1_54' title='bbox 1089 1087 1343 1170; x_wconf 85' lang='lat' dir='ltr'>rempublicam</span> 
     </span>
     <span class='ocr_line' id='line_1_8' title="bbox 273 1187 1341 1270; baseline -0.002 -17"><span class='ocrx_word' id='word_1_55' title='bbox 273 1207 292 1253; x_wconf 87' lang='lat' dir='ltr'>e</span> <span class='ocrx_word' id='word_1_56' title='bbox 323 1194 510 1270; x_wconf 89' lang='lat' dir='ltr'>temporum</span> <span class='ocrx_word' id='word_1_57' title='bbox 543 1187 697 1256; x_wconf 82' lang='lat' dir='ltr'>fluctibus</span> <span class='ocrx_word' id='word_1_58' title='bbox 728 1187 931 1252; x_wconf 86' lang='lat' dir='ltr'>incolumem</span> <span class='ocrx_word' id='word_1_59' title='bbox 965 1187 1143 1251; x_wconf 85' lang='lat' dir='ltr'>emersisse</span> <span class='ocrx_word' id='word_1_60' title='bbox 1173 1187 1341 1268; x_wconf 80' lang='lat' dir='ltr'>gauderet,</span> 
     </span>
     <span class='ocr_line' id='line_1_9' title="bbox 276 1287 1345 1372; baseline -0.003 -18"><span class='ocrx_word' id='word_1_61' title='bbox 276 1290 419 1370; x_wconf 89' lang='lat' dir='ltr'>tertium,</span> <span class='ocrx_word' id='word_1_62' title='bbox 445 1289 533 1372; x_wconf 89' lang='lat' dir='ltr'>quod</span> <span class='ocrx_word' id='word_1_63' title='bbox 544 1287 637 1370; x_wconf 90' lang='lat' dir='ltr'>plebs</span> <span class='ocrx_word' id='word_1_64' title='bbox 660 1307 723 1354; x_wconf 87' lang='lat' dir='ltr'>sua</span> <span class='ocrx_word' id='word_1_65' title='bbox 746 1287 810 1353; x_wconf 90' lang='lat' dir='ltr'>sibi</span> <span class='ocrx_word' id='word_1_66' title='bbox 833 1289 906 1354; x_wconf 88' lang='lat' dir='ltr'>iura</span> <span class='ocrx_word' id='word_1_67' title='bbox 929 1289 1081 1354; x_wconf 88' lang='lat' dir='ltr'>restituta</span> <span class='ocrx_word' id='word_1_68' title='bbox 1105 1306 1180 1354; x_wconf 88' lang='lat' dir='ltr'>esse</span> <span class='ocrx_word' id='word_1_69' title='bbox 1204 1287 1345 1353; x_wconf 84' lang='lat' dir='ltr'>laetare-</span> 
     </span>
     <span class='ocr_line' id='line_1_10' title="bbox 274 1391 1345 1475; baseline 0 -19"><span class='ocrx_word' id='word_1_70' title='bbox 274 1400 335 1474; x_wconf 91' lang='lat' dir='ltr'>tur,</span> <span class='ocrx_word' id='word_1_71' title='bbox 370 1392 451 1456; x_wconf 90' lang='lat' dir='ltr'>mihi</span> <span class='ocrx_word' id='word_1_72' title='bbox 482 1392 615 1475; x_wconf 87' lang='lat' dir='ltr'>quidem</span> <span class='ocrx_word' id='word_1_73' title='bbox 649 1391 852 1475; x_wconf 86' lang='lat' dir='ltr'>probabilius</span> <span class='ocrx_word' id='word_1_74' title='bbox 876 1393 1005 1458; x_wconf 89' lang='lat' dir='ltr'>videtur</span> <span class='ocrx_word' id='word_1_75' title='bbox 1035 1399 1086 1458; x_wconf 90' lang='lat' dir='ltr'>ter</span> <span class='ocrx_word' id='word_1_76' title='bbox 1114 1391 1246 1458; x_wconf 88' lang='lat' dir='ltr'>habitas</span> <span class='ocrx_word' id='word_1_77' title='bbox 1271 1409 1345 1457; x_wconf 89' lang='lat' dir='ltr'>esse</span> 
     </span>
     <span class='ocr_line' id='line_1_11' title="bbox 275 1493 1345 1578; baseline -0.001 -18"><span class='ocrx_word' id='word_1_78' title='bbox 275 1495 421 1577; x_wconf 83' lang='lat' dir='ltr'>Latinas,</span> <span class='ocrx_word' id='word_1_79' title='bbox 458 1495 546 1578; x_wconf 88' lang='lat' dir='ltr'>quod</span> <span class='ocrx_word' id='word_1_80' title='bbox 576 1514 644 1560; x_wconf 89' lang='lat' dir='ltr'>non</span> <span class='ocrx_word' id='word_1_81' title='bbox 675 1495 774 1561; x_wconf 89' lang='lat' dir='ltr'>modo</span> <span class='ocrx_word' id='word_1_82' title='bbox 808 1496 915 1577; x_wconf 86' lang='lat' dir='ltr'>gratia</span> <span class='ocrx_word' id='word_1_83' title='bbox 944 1493 1119 1561; x_wconf 85' lang='lat' dir='ltr'>referenda</span> <span class='ocrx_word' id='word_1_84' title='bbox 1151 1500 1239 1560; x_wconf 84' lang='lat' dir='ltr'>esset</span> <span class='ocrx_word' id='word_1_85' title='bbox 1271 1494 1345 1560; x_wconf 83' lang='lat' dir='ltr'>tovi</span> 
     </span>
     <span class='ocr_line' id='line_1_12' title="bbox 273 1597 1345 1681; baseline -0.001 -18"><span class='ocrx_word' id='word_1_86' title='bbox 273 1605 407 1681; x_wconf 87' lang='lat' dir='ltr'>propter</span> <span class='ocrx_word' id='word_1_87' title='bbox 429 1597 616 1664; x_wconf 88' lang='lat' dir='ltr'>libertatem</span> <span class='ocrx_word' id='word_1_88' title='bbox 632 1599 846 1680; x_wconf 85' lang='lat' dir='ltr'>vindicatam,</span> <span class='ocrx_word' id='word_1_89' title='bbox 870 1617 985 1664; x_wconf 89' lang='lat' dir='ltr'>verum</span> <span class='ocrx_word' id='word_1_90' title='bbox 1008 1599 1119 1680; x_wconf 88' lang='lat' dir='ltr'>etiam,</span> <span class='ocrx_word' id='word_1_91' title='bbox 1144 1617 1220 1662; x_wconf 85' lang='lat' dir='ltr'>aum</span> <span class='ocrx_word' id='word_1_92' title='bbox 1236 1599 1345 1681; x_wconf 88' lang='lat' dir='ltr'>priore</span> 
     </span>
     <span class='ocr_line' id='line_1_13' title="bbox 278 1699 1344 1784; baseline 0 -18"><span class='ocrx_word' id='word_1_93' title='bbox 278 1719 367 1766; x_wconf 90' lang='lat' dir='ltr'>anno</span> <span class='ocrx_word' id='word_1_94' title='bbox 390 1719 457 1766; x_wconf 89' lang='lat' dir='ltr'>non</span> <span class='ocrx_word' id='word_1_95' title='bbox 482 1699 583 1766; x_wconf 86' lang='lat' dir='ltr'>fuisse</span> <span class='ocrx_word' id='word_1_96' title='bbox 608 1701 743 1768; x_wconf 90' lang='lat' dir='ltr'>Latinas</span> <span class='ocrx_word' id='word_1_97' title='bbox 767 1702 866 1767; x_wconf 90' lang='lat' dir='ltr'>iidem</span> <span class='ocrx_word' id='word_1_98' title='bbox 891 1701 967 1768; x_wconf 85' lang='lat' dir='ltr'>fasti</span> <span class='ocrx_word' id='word_1_99' title='bbox 984 1703 1136 1784; x_wconf 88' lang='lat' dir='ltr'>prodant,</span> <span class='ocrx_word' id='word_1_100' title='bbox 1160 1701 1344 1784; x_wconf 84' lang='lat' dir='ltr'>placandus</span> 
     </span>
     <span class='ocr_line' id='line_1_14' title="bbox 278 1801 1344 1888; baseline -0.002 -19"><span class='ocrx_word' id='word_1_101' title='bbox 278 1810 368 1869; x_wconf 87' lang='lat' dir='ltr'>esset</span> <span class='ocrx_word' id='word_1_102' title='bbox 397 1805 524 1886; x_wconf 76' lang='lat' dir='ltr'>Jupiter</span> <span class='ocrx_word' id='word_1_103' title='bbox 555 1805 595 1870; x_wconf 90' lang='lat' dir='ltr'>iis</span> <span class='ocrx_word' id='word_1_104' title='bbox 627 1805 832 1887; x_wconf 82' lang='lat' dir='ltr'>reparandis.</span> <span class='ocrx_word' id='word_1_105' title='bbox 879 1805 976 1870; x_wconf 89' lang='lat' dir='ltr'>Anno</span> <span class='ocrx_word' id='word_1_106' title='bbox 1006 1823 1105 1886; x_wconf 88' lang='lat' dir='ltr'>porro</span> <span class='ocrx_word' id='word_1_107' title='bbox 1133 1803 1195 1868; x_wconf 76' lang='lat'>731</span> <span class='ocrx_word' id='word_1_108' title='bbox 1221 1825 1252 1868; x_wconf 93' lang='lat' dir='ltr'>u.</span> <span class='ocrx_word' id='word_1_109' title='bbox 1279 1801 1344 1888; x_wconf 58' lang='lat' dir='ltr'>cf)</span> 
     </span>
     <span class='ocr_line' id='line_1_15' title="bbox 276 1907 1343 1988; baseline 0 -19"><span class='ocrx_word' id='word_1_110' title='bbox 276 1911 410 1988; x_wconf 88' lang='lat' dir='ltr'>propter</span> <span class='ocrx_word' id='word_1_111' title='bbox 438 1912 638 1988; x_wconf 87' lang='lat' dir='ltr'>potestatem</span> <span class='ocrx_word' id='word_1_112' title='bbox 666 1907 878 1972; x_wconf 85' lang='lat' dir='ltr'>tribuniciam</span> <span class='ocrx_word' id='word_1_113' title='bbox 907 1907 950 1972; x_wconf 88' lang='lat' dir='ltr'>ab</span> <span class='ocrx_word' id='word_1_114' title='bbox 980 1907 1128 1988; x_wconf 87' lang='lat' dir='ltr'>Augusto</span> <span class='ocrx_word' id='word_1_115' title='bbox 1152 1913 1343 1986; x_wconf 86' lang='lat' dir='ltr'>susceptam</span> 
     </span>
     <span class='ocr_line' id='line_1_16' title="bbox 276 2003 1343 2095; baseline -0.002 -23"><span class='ocrx_word' id='word_1_116' title='bbox 276 2008 412 2072; x_wconf 87' lang='lat' dir='ltr'>Latinas</span> <span class='ocrx_word' id='word_1_117' title='bbox 444 2007 584 2072; x_wconf 87' lang='lat' dir='ltr'>alterum</span> <span class='ocrx_word' id='word_1_118' title='bbox 618 2007 751 2072; x_wconf 88' lang='lat' dir='ltr'>habitas</span> <span class='ocrx_word' id='word_1_119' title='bbox 787 2025 862 2095; x_wconf 84' lang='lat' dir='ltr'>esse</span> <span class='ocrx_word' id='word_1_120' title='bbox 896 2003 1138 2092; x_wconf 77' lang='lat' dir='ltr'>Mommsen0⁶)</span> <span class='ocrx_word' id='word_1_121' title='bbox 1168 2007 1343 2070; x_wconf 84' lang='lat' dir='ltr'>assentior.</span> 
     </span>
     <span class='ocr_line' id='line_1_17' title="bbox 275 2109 1345 2191; baseline -0.001 -17"><span class='ocrx_word' id='word_1_122' title='bbox 275 2109 480 2174; x_wconf 86' lang='lat' dir='ltr'>instauratas</span> <span class='ocrx_word' id='word_1_123' title='bbox 505 2128 571 2174; x_wconf 92' lang='lat' dir='ltr'>non</span> <span class='ocrx_word' id='word_1_124' title='bbox 595 2126 669 2174; x_wconf 86' lang='lat' dir='ltr'>esse</span> <span class='ocrx_word' id='word_1_125' title='bbox 694 2127 734 2186; x_wconf 80' lang='lat' dir='ltr'>eu</span> <span class='ocrx_word' id='word_1_126' title='bbox 758 2129 847 2174; x_wconf 89' lang='lat' dir='ltr'>anno</span> <span class='ocrx_word' id='word_1_127' title='bbox 871 2110 1006 2174; x_wconf 88' lang='lat' dir='ltr'>Latinas</span> <span class='ocrx_word' id='word_1_128' title='bbox 1030 2109 1131 2191; x_wconf 86' lang='lat' dir='ltr'>liquet</span> <span class='ocrx_word' id='word_1_129' title='bbox 1158 2114 1345 2190; x_wconf 86' lang='lat' dir='ltr'>propterea,</span> 
     </span>
     <span class='ocr_line' id='line_1_18' title="bbox 277 2209 1346 2294; baseline -0.001 -19"><span class='ocrx_word' id='word_1_130' title='bbox 277 2212 366 2294; x_wconf 90' lang='lat' dir='ltr'>quod</span> <span class='ocrx_word' id='word_1_131' title='bbox 389 2229 487 2292; x_wconf 84' lang='lat' dir='ltr'>aegre</span> <span class='ocrx_word' id='word_1_132' title='bbox 511 2210 580 2276; x_wconf 82' lang='lat' dir='ltr'>sieri</span> <span class='ocrx_word' id='word_1_133' title='bbox 603 2212 717 2292; x_wconf 85' lang='lat' dir='ltr'>potuit,</span> <span class='ocrx_word' id='word_1_134' title='bbox 741 2217 786 2292; x_wconf 84' lang='lat' dir='ltr'>ut,</span> <span class='ocrx_word' id='word_1_135' title='bbox 816 2212 995 2294; x_wconf 85' lang='lat' dir='ltr'>imperator</span> <span class='ocrx_word' id='word_1_136' title='bbox 1019 2230 1095 2276; x_wconf 84' lang='lat' dir='ltr'>curn</span> <span class='ocrx_word' id='word_1_137' title='bbox 1119 2211 1159 2275; x_wconf 93' lang='lat' dir='ltr'>iis</span> <span class='ocrx_word' id='word_1_138' title='bbox 1183 2209 1346 2292; x_wconf 85' lang='lat' dir='ltr'>praefuis-</span> 
     </span>
     <span class='ocr_line' id='line_1_19' title="bbox 275 2306 1343 2396; baseline -0.002 -18"><span class='ocrx_word' id='word_1_139' title='bbox 275 2319 335 2392; x_wconf 79' lang='lat' dir='ltr'>set,</span> <span class='ocrx_word' id='word_1_140' title='bbox 367 2319 479 2396; x_wconf 89' lang='lat' dir='ltr'>patres</span> <span class='ocrx_word' id='word_1_141' title='bbox 502 2313 554 2378; x_wconf 91' lang='lat' dir='ltr'>vel</span> <span class='ocrx_word' id='word_1_142' title='bbox 577 2313 749 2396; x_wconf 81' lang='lat' dir='ltr'>pontifices</span> <span class='ocrx_word' id='word_1_143' title='bbox 772 2332 829 2379; x_wconf 89' lang='lat' dir='ltr'>eas</span> <span class='ocrx_word' id='word_1_144' title='bbox 860 2313 1095 2378; x_wconf 88' lang='lat' dir='ltr'>instaurandas</span> <span class='ocrx_word' id='word_1_145' title='bbox 1124 2318 1295 2378; x_wconf 86' lang='lat' dir='ltr'>censerent</span> <span class='ocrx_word' id='word_1_146' title='bbox 1308 2306 1343 2396; x_wconf 73' lang='grc'>6).</span> 
     </span>
    </p>
   </div>
   <div class='ocr_carea' id='block_1_3' title="bbox 274 2505 1342 3104">
    <p class='ocr_par' dir='ltr' id='par_1_3' title="bbox 274 2505 1342 2672">
     <span class='ocr_line' id='line_1_20' title="bbox 332 2505 1342 2591; baseline -0.001 -17"><span class='ocrx_word' id='word_1_147' title='bbox 332 2521 350 2590; x_wconf 84' lang='lat'>¹)</span> <span class='ocrx_word' id='word_1_148' title='bbox 368 2521 441 2590; x_wconf 86' lang='lat' dir='ltr'>quod</span> <span class='ocrx_word' id='word_1_149' title='bbox 459 2520 545 2574; x_wconf 85' lang='lat' dir='ltr'>feriae</span> <span class='ocrx_word' id='word_1_150' title='bbox 563 2524 675 2591; x_wconf 83' lang='lat' dir='ltr'>propter</span> <span class='ocrx_word' id='word_1_151' title='bbox 693 2519 873 2591; x_wconf 81' lang='lat' dir='ltr'>improvisam</span> <span class='ocrx_word' id='word_1_152' title='bbox 892 2521 975 2576; x_wconf 83' lang='lat' dir='ltr'>Drusi</span> <span class='ocrx_word' id='word_1_153' title='bbox 1001 2505 1118 2576; x_wconf 76' lang='lat' dir='ltr'>mortem</span> <span class='ocrx_word' id='word_1_154' title='bbox 1137 2538 1192 2574; x_wconf 87' lang='lat' dir='ltr'>neu</span> <span class='ocrx_word' id='word_1_155' title='bbox 1211 2524 1277 2576; x_wconf 83' lang='lat' dir='ltr'>sunt</span> <span class='ocrx_word' id='word_1_156' title='bbox 1295 2519 1342 2573; x_wconf 88' lang='lat' dir='ltr'>ha·</span> 
     </span>
     <span class='ocr_line' id='line_1_21' title="bbox 274 2605 902 2672; baseline -0.003 -10"><span class='ocrx_word' id='word_1_157' title='bbox 274 2607 357 2672; x_wconf 73' lang='lat' dir='ltr'>bitae,</span> <span class='ocrx_word' id='word_1_158' title='bbox 377 2607 412 2661; x_wconf 88' lang='lat' dir='ltr'>ad</span> <span class='ocrx_word' id='word_1_159' title='bbox 431 2624 544 2662; x_wconf 84' lang='lat' dir='ltr'>caueam</span> <span class='ocrx_word' id='word_1_160' title='bbox 562 2609 686 2661; x_wconf 77' lang='lat' dir='ltr'>nosbram</span> <span class='ocrx_word' id='word_1_161' title='bbox 704 2605 774 2660; x_wconf 87' lang='lat' dir='ltr'>nihil</span> <span class='ocrx_word' id='word_1_162' title='bbox 793 2607 902 2662; x_wconf 78' lang='lat' dir='ltr'>attinet.</span> 
     </span>
    </p>

    <p class='ocr_par' dir='ltr' id='par_1_4' title="bbox 312 2690 934 2759">
     <span class='ocr_line' id='line_1_22' title="bbox 312 2690 934 2759; baseline 0.002 -13"><span class='ocrx_word' id='word_1_163' title='bbox 312 2690 350 2759; x_wconf 55' lang='lat'>⁴)</span> <span class='ocrx_word' id='word_1_164' title='bbox 370 2691 399 2746; x_wconf 82' lang='grc' dir='ltr'>Ο.</span> <span class='ocrx_word' id='word_1_165' title='bbox 419 2691 439 2746; x_wconf 93' lang='grc' dir='ltr'>Ι.</span> <span class='ocrx_word' id='word_1_166' title='bbox 459 2691 488 2746; x_wconf 86' lang='lat' dir='ltr'>L.</span> <span class='ocrx_word' id='word_1_167' title='bbox 507 2691 555 2756; x_wconf 86' lang='lat' dir='ltr'>VI,</span> <span class='ocrx_word' id='word_1_168' title='bbox 577 2693 600 2757; x_wconf 92' lang='lat'>1,</span> <span class='ocrx_word' id='word_1_169' title='bbox 620 2693 688 2748; x_wconf 81' lang='lat'>2011</span> <span class='ocrx_word' id='word_1_170' title='bbox 710 2715 742 2738; x_wconf 82' lang='lat'>=</span> <span class='ocrx_word' id='word_1_171' title='bbox 759 2691 834 2757; x_wconf 83' lang='lat' dir='ltr'>XIV,</span> <span class='ocrx_word' id='word_1_172' title='bbox 855 2693 934 2747; x_wconf 79' lang='lat'>2236.</span> 
     </span>
    </p>

    <p class='ocr_par' dir='ltr' id='par_1_5' title="bbox 329 2776 791 2850">
     <span class='ocr_line' id='line_1_23' title="bbox 329 2776 791 2850; baseline 0 -18"><span class='ocrx_word' id='word_1_173' title='bbox 329 2776 351 2846; x_wconf 75' lang='lat'>³)</span> <span class='ocrx_word' id='word_1_174' title='bbox 369 2795 414 2848; x_wconf 85' lang='lat' dir='ltr'>qu.</span> <span class='ocrx_word' id='word_1_175' title='bbox 434 2777 513 2833; x_wconf 85' lang='lat' dir='ltr'><strong>Rom.</strong></span> <span class='ocrx_word' id='word_1_176' title='bbox 534 2778 559 2831; x_wconf 84' lang='grc' dir='ltr'>ΙΙ</span> <span class='ocrx_word' id='word_1_177' title='bbox 578 2795 640 2850; x_wconf 81' lang='lat' dir='ltr'>pag.</span> <span class='ocrx_word' id='word_1_178' title='bbox 662 2779 712 2834; x_wconf 89' lang='grc'>105</span> <span class='ocrx_word' id='word_1_179' title='bbox 731 2796 791 2850; x_wconf 88' lang='lat' dir='ltr'>sqq.</span> 
     </span>
    </p>

    <p class='ocr_par' dir='ltr' id='par_1_6' title="bbox 327 2862 1165 2934">
     <span class='ocr_line' id='line_1_24' title="bbox 327 2862 1165 2934; baseline 0.001 -16"><span class='ocrx_word' id='word_1_180' title='bbox 327 2862 349 2934; x_wconf 88' lang='lat'>⁴)</span> <span class='ocrx_word' id='word_1_181' title='bbox 369 2862 398 2918; x_wconf 82' lang='lat' dir='ltr'>O.</span> <span class='ocrx_word' id='word_1_182' title='bbox 418 2864 439 2918; x_wconf 92' lang='lat'>1.</span> <span class='ocrx_word' id='word_1_183' title='bbox 458 2864 488 2918; x_wconf 87' lang='lat' dir='ltr'>L.</span> <span class='ocrx_word' id='word_1_184' title='bbox 509 2864 582 2929; x_wconf 75' lang='lat' dir='ltr'>xiv,</span> <span class='ocrx_word' id='word_1_185' title='bbox 602 2866 686 2929; x_wconf 76' lang='lat'>2240;</span> <span class='ocrx_word' id='word_1_186' title='bbox 706 2865 741 2920; x_wconf 82' lang='lat' dir='ltr'>ef.</span> <span class='ocrx_word' id='word_1_187' title='bbox 762 2864 839 2920; x_wconf 78' lang='lat' dir='ltr'>Gaas,</span> <span class='ocrx_word' id='word_1_188' title='bbox 859 2864 939 2920; x_wconf 89' lang='lat' dir='ltr'>Dion.</span> <span class='ocrx_word' id='word_1_189' title='bbox 958 2866 1002 2930; x_wconf 82' lang='lat'>53,</span> <span class='ocrx_word' id='word_1_190' title='bbox 1022 2867 1056 2920; x_wconf 80' lang='lat'>32</span> <span class='ocrx_word' id='word_1_191' title='bbox 1076 2867 1105 2919; x_wconf 81' lang='lat' dir='ltr'>et</span> <span class='ocrx_word' id='word_1_192' title='bbox 1123 2865 1165 2921; x_wconf 83' lang='lat'>33.</span> 
     </span>
    </p>

    <p class='ocr_par' dir='ltr' id='par_1_7' title="bbox 329 2947 889 3020">
     <span class='ocr_line' id='line_1_25' title="bbox 329 2947 889 3020; baseline 0.007 -18"><span class='ocrx_word' id='word_1_193' title='bbox 329 2947 350 3018; x_wconf 77' lang='lat'>⁶)</span> <span class='ocrx_word' id='word_1_194' title='bbox 369 2948 387 3003; x_wconf 92' lang='lat' dir='ltr'>l.</span> <span class='ocrx_word' id='word_1_195' title='bbox 407 2949 425 3002; x_wconf 92' lang='lat' dir='ltr'>l.</span> <span class='ocrx_word' id='word_1_196' title='bbox 444 2966 507 3020; x_wconf 82' lang='lat' dir='ltr'>pag.</span> <span class='ocrx_word' id='word_1_197' title='bbox 530 2952 588 3006; x_wconf 89' lang='lat'><strong>108.</strong></span> <span class='ocrx_word' id='word_1_198' title='bbox 887 3011 889 3016; x_wconf 61' lang='grc'>,</span> 
     </span>
    </p>

    <p class='ocr_par' dir='ltr' id='par_1_8' title="bbox 327 3032 837 3104">
     <span class='ocr_line' id='line_1_26' title="bbox 327 3032 837 3104; baseline 0.004 -18"><span class='ocrx_word' id='word_1_199' title='bbox 327 3032 348 3102; x_wconf 81' lang='lat'>⁸)</span> <span class='ocrx_word' id='word_1_200' title='bbox 367 3034 401 3088; x_wconf 86' lang='lat' dir='ltr'>ef.</span> <span class='ocrx_word' id='word_1_201' title='bbox 422 3033 506 3087; x_wconf 83' lang='lat' dir='ltr'>etiam</span> <span class='ocrx_word' id='word_1_202' title='bbox 525 3051 585 3104; x_wconf 81' lang='lat' dir='ltr'>pag.</span> <span class='ocrx_word' id='word_1_203' title='bbox 605 3037 638 3090; x_wconf 73' lang='lat'>57</span> <span class='ocrx_word' id='word_1_204' title='bbox 658 3053 720 3090; x_wconf 79' lang='lat' dir='ltr'>arra.</span> <span class='ocrx_word' id='word_1_205' title='bbox 736 3039 752 3090; x_wconf 88' lang='lat'>5</span> <span class='ocrx_word' id='word_1_206' title='bbox 768 3038 837 3089; x_wconf 78' lang='lat' dir='ltr'>extr.</span> 
     </span>
    </p>
   </div>
   <div class='ocr_carea' id='block_1_4' title="bbox 688 3543 932 3811">
    <p class='ocr_par' dir='ltr' id='par_1_9' title="bbox 688 3543 932 3811">
     <span class='ocr_line' id='line_1_27' title="bbox 688 3543 932 3811; baseline 0 0"><span class='ocrx_word' id='word_1_207' title='bbox 688 3543 932 3811; x_wconf 54' lang='lat' dir='ltr'>..aa</span> 
     </span>
    </p>
   </div>
   <div class='ocr_carea' id='block_1_5' title="bbox 0 0 1585 5116">
    <p class='ocr_par' dir='ltr' id='par_1_10' title="bbox 0 0 1585 5116">
     <span class='ocr_line' id='line_1_28' title="bbox 0 0 1585 5116; baseline 0 0"><span class='ocrx_word' id='word_1_208' title='bbox 0 0 1585 5116; x_wconf 95' lang='lat' dir='ltr'> </span> 
     </span>
    </p>
   </div>
  </div>
 </body>
</html>
