3158 5116
762 507 880 562 13·

241 645 301 728 bis,
326 665 425 730 quem
449 649 555 714 Varro
579 648 620 714 de
643 649 755 731 lingua
779 651 849 716 Lat.
867 652 906 732 V,
924 650 967 716 52
984 659 1158 734 memorat,
1184 654 1228 718 ad
1242 671 1314 718 rem

240 755 389 836 nostram
420 755 571 834 spectare
605 751 834 834 comprobavit
866 753 1033 820 lordanus
1067 761 1193 838 topogr.
1218 755 1313 821 Rom.

241 852 276 933 ll,
302 853 376 918 264.

307 957 499 1024 Ceterarum
522 957 652 1024 urbium
676 978 762 1042 quae
786 961 828 1026 ad
845 961 982 1026 Latinas
999 961 1219 1028 celebrandas
1236 981 1316 1026 con-

240 1066 410 1142 venerunt,
436 1063 570 1128 nomina
594 1063 759 1145 permulta
781 1069 859 1128 sunt
882 1064 1014 1129 tradita.
1290 1125 1293 1130 .

306 1165 348 1230 ut
360 1165 484 1231 Plinius
502 1167 633 1250 quidem
650 1167 726 1233 hist.
748 1173 815 1234 nat.
833 1167 886 1247 ΙΙΙ,
901 1169 931 1249 9,
946 1167 988 1232 68
1001 1169 1239 1252 quinquaginta
1251 1169 1316 1232 tria

241 1257 370 1352 oppida,
397 1288 482 1352 qnae
511 1271 588 1335 olim
602 1270 727 1336 Latinis
744 1269 979 1351 interfuissent,
1007 1269 1103 1336 affert
1117 1270 1169 1336 his
1189 1270 1314 1336 verbis:

242 1372 294 1450 ‚In
316 1372 424 1454 prima
447 1372 580 1454 regione
596 1379 770 1455 praeterea
794 1371 885 1440 luere
909 1374 943 1438 in
963 1373 1058 1439 Latio
1078 1373 1170 1438 alara
1193 1374 1315 1455 oppida

241 1474 415 1552 Satricum,
440 1476 600 1556 Pometia,
623 1477 767 1558 Scaptia,
796 1477 999 1558 Politorium,
1024 1476 1169 1558 Tellena,
1193 1475 1314 1555 Tifata,

139 1659 140 1662 Ἴ
242 1577 399 1659 Caenina,
409 1579 544 1658 Ficana,
558 1578 829 1659 Crustumerium,
838 1577 1016 1660 Ameriola,
1030 1579 1219 1659 Medullum,
1235 1577 1316 1644 Cor-

242 1681 395 1763 niculum,
411 1681 567 1750 Saturnia
579 1683 635 1748 ubi
647 1702 736 1748 nune
753 1684 860 1748 Roma
879 1689 939 1764 est,
953 1682 1114 1766 Antipolis
1128 1683 1216 1766 quod
1228 1700 1317 1748 nunc

241 1784 426 1850 Janioulum
439 1785 473 1849 in
485 1791 579 1867 parte
591 1786 728 1866 Romae,
742 1785 937 1866 Antemnae,
953 1785 1315 1868 Camerium,·Collatia,

241 1887 431 1968 Amitinum,
455 1887 575 1970 Norba,
600 1888 725 1969 Sullae,
763 1894 895 1954 etcum
919 1889 959 1954 iis
984 1907 1120 1954 carnem
1145 1890 1180 1953 in
1203 1895 1316 1955 monte

242 1991 370 2056 Albano
394 1991 481 2056 soliti
505 1993 657 2072 adripere
684 1992 795 2073 populi
807 1991 980 2071 Albenses,
1001 1990 1130 2071 Albani,
1147 1991 1314 2069 Aesolani,

243 2092 431 2173 Accienses,
456 2091 606 2174 Abolani,
633 2093 806 2174 Bubetani,
831 2093 959 2173 Bolani,
984 2091 1176 2173 Cusuetani,
1202 2092 1316 2159 Corio-

242 2196 319 2280 lani,
356 2197 543 2278 Fideuates,
569 2197 688 2278 Foreti,
717 2198 912 2278 Hortenses,
943 2197 1161 2279 Latinienses,
1186 2197 1316 2280 Longu·

244 2300 319 2383 lani,
344 2301 509 2382 Manates,
533 2300 707 2382 Macrales
732 2301 932 2382 Munienses,
964 2301 1208 2382 NuminienseS,
1238 2300 1317 2368 Olli-

243 2405 363 2486 culani,
379 2405 542 2485 Octulani,
557 2406 693 2486 Pedani,
702 2406 893 2486 Polluseini,
909 2405 1178 2489 Querquetulani,
1189 2405 1314 2486 Sicani,

242 2508 437 2589 Sisolenses,
462 2509 679 2588 Tolerienses,
701 2509 885 2590 Tutienses,
902 2508 1108 2588 Vimitellari,
1133 2507 1314 2588 Velienses,

242 2609 448 2688 Venetulani,
488 2611 694 2674 Vitellenses.
742 2610 790 2674 lta
826 2629 868 2674 ex
906 2610 1043 2692 antiquo
1081 2609 1175 2674 Latio
1208 2606 1316 2692 L1111)

243 2709 353 2792 populi
376 2711 530 2775 interiere
553 2711 626 2776 sine
649 2710 821 2791 vestigiis'.
850 2711 1021 2776 Niebuhrii
1045 2710 1190 2792 suspicio
1213 2729 1317 2792 popu-

243 2811 303 2894 los,
328 2832 411 2896 quos
434 2813 560 2878 Plinius
585 2814 617 2876 in
640 2815 825 2896 posteriore
853 2815 939 2880 serie
963 2818 1147 2892 enumerat,
1183 2813 1317 2893 triginta

243 2914 347 2981 Albae
370 2916 519 2982 colonias
555 2935 629 2982 esse
662 2917 829 2999 opinantis
843 2913 868 3002 ²)
903 2914 1158 2996 aSehweglero
1174 2912 1199 2999 ³)
1234 2915 1317 2980 satis

243 3017 387 3081 refutata
410 3023 477 3096 est;
502 3024 649 3083 ceterum
672 3019 750 3083 hoio
773 3019 837 3100 ipsi
861 3011 978 3096 seriei,
993 3021 1106 3099 utpote
1131 3035 1217 3098 quae
1233 3016 1318 3106 litte·

244 3137 356 3182 rarum
381 3117 497 3182 ordine
520 3120 563 3182 sit
587 3117 751 3199 confecta,
778 3120 842 3183 duo
866 3119 923 3184 illa
947 3119 1083 3183 nomina
1107 3117 1224 3182 deesse
1247 3117 1318 3182 veri

245 3224 294 3283 est
316 3218 467 3283 similius,
513 3219 549 3283 ln
581 3239 646 3303 quo
669 3220 765 3285 Plinii
789 3219 863 3286 loeo
888 3219 973 3284 duae
997 3237 1051 3284 res
1075 3219 1218 3284 maxime
1241 3224 1319 3283 sunt

245 3321 417 3402 tenendae,
453 3322 534 3388 nihil
570 3341 655 3403 esse,
696 3343 755 3388 cur
792 3341 908 3388 omnes
954 3342 1037 3405 quos
1078 3327 1319 3388 commemorat

246 3424 383 3508 populos
407 3445 473 3492 uno
497 3431 530 3492 et
553 3420 671 3492 eodem
696 3432 844 3510 tempore
869 3444 1004 3491 earnem
1029 3424 1201 3507 accepisse
1224 3429 1319 3507 pute-

247 3547 330 3608 muS,
354 3545 461 3610 neque
485 3533 624 3595 cunctos
646 3529 791 3594 voluisse
815 3528 957 3594 Plinium
989 3528 1215 3593 enumerando
1245 3545 1319 3610 per-

305 3699 324 3770 ¹)
342 3698 371 3752 in
390 3699 469 3755 libris
487 3717 570 3754 mann
590 3699 702 3772 scriptis
719 3717 805 3754 tinum
825 3702 854 3754 ot
867 3695 1070 3769 quinquaginta
1088 3695 1200 3752 nomino
1212 3699 1319 3762 extant,

246 3783 348 3854 viginti
366 3783 394 3838 in
414 3785 513 3856 priore,
541 3787 675 3840 unumst
699 3783 816 3855 triginta
844 3783 873 3839 in
891 3782 1043 3856 posteriore
1071 3781 1213 3837 nominum
1238 3781 1319 3848 sarie,

247 3870 300 3925 duo
319 3868 405 3939 igitur
423 3870 534 3925 nomina
553 3869 729 3935 exciderunt3
755 3868 862 3926 vanam
881 3869 942 3924 loeo
960 3867 1126 3924 medisinam
1153 3866 1320 3939 interpretas

247 3958 275 4010 ot
293 3953 413 4010 aditores
431 3973 529 4026 parare
549 3954 641 4010 eonati
659 3958 733 4010 sunl.

301 4039 323 4111 ²)
342 4041 420 4095 Niab.
440 4041 505 4096 hist.
525 4041 603 4096 Rom.
624 4040 652 4094 Ἰ
678 4060 704 4112 p.
725 4042 792 4105 114;
816 4057 879 4094 eum
905 4037 995 4094 secuti
1018 4040 1084 4092 sunt
1110 4039 1138 4092 at
1156 4036 1205 4090 olii
1224 4039 1253 4090 at
1270 4037 1321 4089 Be·

248 4125 354 4180 loohius
372 4144 460 4198 nuper
485 4125 513 4180 in
532 4125 604 4189 libri,
623 4125 671 4197 qui
695 4124 856 4181 insoribitur
880 4123 1000 4179 sooiatss
1018 4121 1160 4187 Italorum,
1185 4138 1248 4192 pag.
1270 4121 1321 4176 1⁷8

248 4213 340 4266 annot.
360 4212 385 4268 1.

302 4295 323 4368 ⁸)
342 4296 407 4354 hiat.
427 4298 504 4354 Rom.
524 4298 536 4352 Ι
555 4317 580 4371 p.
600 4299 661 4356 349.
