3202 5122
793 470 824 524 11

271 613 418 695 sequitur
446 612 478 678 S.
504 611 657 676 Aurelius
681 612 794 678 Victor
828 612 863 676 in
894 611 987 693 libro,
1027 613 1083 695 qui
1115 617 1166 677 est
1195 613 1236 676 de
1265 613 1346 676 viris

270 714 461 795 illustribus,
487 715 542 798 qui
567 733 640 796 cap.
666 713 697 794 8,
722 715 742 778 2
767 713 853 778 haec
877 713 994 785 tradit:
1020 719 1069 795 ,el
1093 711 1193 779 serias
1209 713 1346 778 Latinas

270 817 396 899 primus
420 817 562 882 instituit
586 813 652 904 [so.
677 817 875 900 Tarquinius
899 811 1114 902 Superbusl’.

337 921 518 988 Sedtamen
558 920 611 986 vel
646 921 885 1004 antiquissimis
920 919 1135 1003 temporibus,
1175 921 1346 1003 aliquanto

270 1029 348 1090 ante
371 1025 512 1089 Romam
538 1023 717 1104 conditam,
743 1042 764 1087 a
787 1028 909 1088 cuncta
933 1027 1029 1104 gente
1053 1023 1257 1104 Latinorum,
1290 1022 1345 1087 ubi

270 1127 411 1209 primum
436 1127 604 1210 quandam
628 1127 714 1191 inter
736 1145 773 1192 se
797 1126 994 1192 societatem
1018 1127 1170 1208 inierunt,
1207 1126 1345 1191 Latinae

271 1229 457 1296 celebratae
481 1235 572 1310 sunt;
597 1249 680 1314 quas
704 1229 748 1295 ad
772 1230 919 1311 agendas
943 1229 976 1294 in
995 1227 1161 1294 Albanum
1185 1235 1343 1311 montem,

269 1356 382 1402 arcem
406 1338 501 1422 quasi
526 1337 620 1419 Latii,
660 1355 701 1403 ex
734 1356 799 1420 quo
835 1342 905 1402 tota
939 1337 1030 1418 regio
1066 1337 1343 1419 conspiciebatur,

269 1441 445 1523 quotannis
469 1440 515 1504 illi
538 1439 790 1520 conveniebant,
814 1438 872 1504 ubi
895 1439 1011 1506 Jovem
1035 1439 1213 1520 Latiarem,
1245 1441 1343 1504 deum

269 1542 422 1624 patrium,
447 1548 693 1624 venerarentur,
725 1541 848 1624 omnia,
874 1560 960 1625 quae
985 1543 1027 1607 ad
1051 1543 1241 1607 universam
1265 1561 1345 1622 gen·

270 1651 336 1710 tem
360 1643 580 1728 pertinebant,
606 1645 775 1710 communi
805 1643 944 1710 consilio
973 1645 1234 1725 moderarentur,
1264 1663 1344 1710 con-

269 1749 382 1815 cordia
405 1751 594 1831 gauderent.
619 1749 877 1833 Antiquissimos
902 1767 977 1814 esse
1000 1749 1062 1814 hos
1079 1750 1149 1814 dies
1165 1747 1343 1814 sollemnes

269 1857 301 1916 et
325 1872 345 1916 a
369 1852 487 1934 priscis
512 1851 637 1917 Latinis
660 1852 828 1916 institutos
852 1870 920 1917 non
936 1851 1043 1917 solum
1067 1870 1109 1916 ex
1132 1851 1212 1933 ipsis
1236 1851 1344 1916 nomi-

268 1954 364 2020 nibus
389 1953 546 2019 ierianrm
570 1955 762 2020 Latinarum
786 1955 942 2038 lorisque
966 1955 1107 2020 Latiaris
1136 1960 1233 2019 etex
1257 1953 1341 2034 loca,

268 2076 333 2139 quo
356 2055 574 2138 habebantur,
608 2055 715 2137 colligi
738 2061 858 2138 potest,
889 2056 1073 2121 sedetiam
1103 2047 1343 2131 enoscillandi

268 2159 330 2225 ritu
348 2157 370 2245 ¹)
403 2159 572 2242 donisque,
612 2177 697 2243 quae
731 2159 805 2225 Jovi
836 2157 1068 2240 offerebantur,
1108 2158 1228 2243 qnippe
1256 2175 1343 2242 quae

269 2263 447 2328 maximam
480 2263 622 2344 prodent
649 2263 889 2346 antiquitatem.
937 2263 1044 2346 Atque
1070 2261 1230 2328 ¹seriarum
1254 2263 1343 2327 Lati-

267 2385 384 2432 narum
409 2366 568 2448 originem
592 2366 669 2432 inde
693 2365 735 2430 ab
760 2365 999 2450 antiquissimis
1022 2365 1225 2448 temporibus
1249 2383 1342 2448 repc-

267 2468 401 2534 lendam
431 2486 504 2533 esse
534 2473 674 2534 testatur
697 2468 832 2534 Servius
861 2468 905 2534 ad
927 2469 1022 2550 Verg.
1050 2468 1130 2534 Aen.
1148 2469 1205 2534 Xll
1227 2489 1256 2536 v.
1277 2468 1341 2532 135
1376 2527 1377 2530 ,

266 2570 391 2636 verbis:
426 2571 568 2652 ,Jupiter
591 2568 731 2636 Latiaris
756 2572 1006 2654 antiquissimus
1030 2572 1112 2651 est’3
1153 2572 1341 2654 multosque

265 2689 306 2738 ex
329 2672 392 2737 illis
416 2673 555 2754 populis,
581 2673 635 2755 qui
659 2672 766 2739 Plinio
790 2679 927 2738 auctore
952 2671 1040 2758 (hist.
1065 2679 1132 2741 nat.
1158 2674 1208 2754 ΙΙΙ,
1235 2674 1265 2754 9,
1283 2669 1340 2757 68)

265 2775 349 2840 inter
380 2773 537 2840 feriarum
568 2775 761 2840 Latinarum
797 2777 975 2860 participes
1006 2776 1146 2858 lucrant,
1185 2775 1340 2842 velante

265 2877 477 2962 Tarquinium
501 2897 612 2962 regem
636 2879 789 2944 interisse
814 2885 954 2946 constat.
1003 2880 1112 2961 Quare
1136 2880 1340 2946 scholiastae

265 2983 437 3050 Bobiensis
471 2985 514 3050 ad
538 2983 606 3052 Cic.
631 2983 744 3050 Plano.
769 2985 800 3066 9,
825 2984 868 3050 23
904 2981 1014 3070 (Orell
1046 2984 1109 3052 vol.
1139 2985 1169 3052 ΙΙ
1204 3005 1234 3068 p.
1260 2984 1339 3070 255)

264 3086 382 3152 verba:
419 3086 497 3168 ,Alii
527 3086 570 3151 ab
601 3087 634 3151 L.
659 3087 839 3170 Tarquinio
870 3107 947 3170 rege
978 3089 1206 3154 Romanorum
1231 3090 1339 3153 existi·

264 3188 401 3254 mabant
428 3187 488 3272 (sc.
513 3190 648 3255 Latinas
681 3189 781 3256 ferias
806 3209 881 3255 esse
906 3190 1104 3276 institutas)’
1134 3191 1339 3271 neglegenda

268 3297 354 3372 sunt,
372 3311 447 3356 cum
464 3311 531 3356 non
547 3292 590 3356 sit
606 3292 753 3373 dubium,
778 3293 856 3376 quin
873 3293 916 3358 ad
932 3293 1127 3376 Dionysium
1149 3293 1339 3358 revocanda

264 3393 340 3472 sint,
366 3412 450 3475 quae
475 3400 655 3476 sequuntur
678 3393 794 3459 verba:
828 3395 899 3476 ,alii
922 3413 1001 3461 vero
1026 3416 1047 3460 a
1070 3395 1196 3460 Latinis
1220 3395 1338 3477 priscis

379 3495 513 3577 quidam
545 3495 577 3560 id
601 3493 662 3580 (sc.
699 3495 912 3583 sacrificium)
946 3498 1062 3562 initum
1100 3515 1141 3562 ex
1175 3497 1338 3579 imperato

264 3597 368 3661 Fauni
392 3597 608 3662 contendunt’
633 3593 833 3665 sententiam
857 3606 1006 3666 nostram
1031 3600 1238 3666 confirmant.

330 3699 437 3783 Atque
462 3701 620 3784 quamdiu
643 3701 729 3767 Alba
754 3703 866 3786 Longa
896 3709 997 3786 caput
1020 3703 1167 3770 omnium
1192 3703 1337 3784 gentium

264 3803 455 3870 Latinarum
480 3810 560 3886 erat,
592 3805 728 3871 dubium
751 3827 818 3873 non
842 3813 903 3889 est,
932 3808 1011 3891 quin
1037 3806 1139 3872 feriae
1168 3806 1211 3872 ab
1238 3805 1338 3870 Alba-

264 3923 391 3988 norum,
416 3907 450 3971 in
474 3917 613 3990 quorum
636 3911 832 3992 praesertim
857 3909 976 3974 finibus
1007 3909 1218 3989 haberentur,
1248 3928 1338 3974 sum·

265 4007 327 4072 mis
358 4011 616 4094 magistratibus,
656 4014 763 4095 primo
799 4034 820 4078 a
856 4031 944 4094 rege,
983 4018 1101 4095 postea
1131 4013 1338 4078 adictatore

323 4257 343 4328 ¹)
362 4275 416 4328 quo
436 4258 470 4312 de
488 4256 544 4313 ritu
563 4277 625 4330 pag.
645 4261 680 4316 28
699 4235 852 4330 loquemur.
