3158 5116
734 483 769 538 43

284 626 392 707 Atque
433 625 653 707 praefectum,
690 628 745 709 qui
781 619 823 692 ob
859 627 993 692 Latinas
1030 627 1129 692 ferias
1164 629 1291 692 Romae

217 725 473 807 relinquebatur,
498 745 540 790 ne
563 726 642 790 urbs
666 727 738 791 sine
762 727 900 808 imperio
926 733 1024 808 esset,
1050 729 1168 792 eodem
1192 727 1291 790 modo

218 845 283 908 quo
305 825 493 908 praefectos
518 827 596 892 olim
627 827 823 892 constitutos
856 827 1019 893 delectum
1043 847 1118 894 esse
1149 834 1182 893 et
1212 847 1292 894 ean-

218 927 292 991 dem
327 933 526 1009 potestatem
564 928 722 994 habuisse
762 935 1023 994 consentaneum
1059 937 1118 997 est.
1177 930 1291 1011 Neque

217 1029 323 1108 igitur,
356 1049 431 1094 cum
462 1030 508 1094 illi
538 1031 774 1096 sconsulibus
806 1031 1002 1112 eligerentur
1013 1028 1046 1116 ¹),
1082 1033 1161 1115 quin
1190 1032 1291 1096 etiam

217 1131 272 1196 hie
302 1131 489 1214 praefectus
523 1134 614 1198 urbis
649 1135 765 1200 eodem
799 1135 898 1200 modo
929 1136 1126 1200 constitutus
1156 1135 1208 1215 sit,
1241 1139 1292 1199 est

218 1251 276 1298 our
306 1233 501 1322 dubitemus.
548 1235 597 1301 Ac
624 1236 773 1318 profecto
803 1237 837 1300 in
867 1236 961 1302 titulo
994 1236 1030 1302 C.
1059 1237 1082 1300 l.
1114 1237 1149 1301 L.
1174 1236 1226 1317 Vl,
1244 1237 1289 1317 ,1,

219 1337 304 1403 1421
330 1338 457 1420 insigne
480 1340 707 1406 testimonium
732 1344 832 1421 extat,
850 1338 894 1403 ab
910 1340 1090 1420 Hadriano,
1108 1358 1290 1404 cumanae

219 1441 283 1506 118
311 1463 342 1526 p.
375 1442 450 1510 Chr.
481 1464 512 1508 n.
545 1443 662 1510 consul
694 1444 814 1508 iterum
847 1449 945 1524 esset,
981 1443 1186 1526 praefectum
1217 1441 1290 1506 urbi

219 1543 375 1610 feriarum
399 1545 592 1610 Latinarum
616 1543 742 1609 factum
767 1544 881 1629 esse').
909 1545 1032 1609 Verum
1051 1545 1210 1609 Linkerus
1225 1543 1288 1607 hos

187 1649 189 1652 ’
216 1646 403 1732 praefectos
427 1647 569 1715 comitiis
593 1647 722 1713 tributis
747 1652 879 1713 creatos
904 1665 979 1712 esse
995 1646 1195 1712 sententiam
1211 1664 1287 1727 pro-

219 1752 330 1836 posuit
339 1748 382 1838 3);
414 1752 449 1818 in
472 1771 571 1836 quem
596 1770 741 1818 errorem
766 1751 910 1816 maxime
934 1751 1048 1816 Dionis
1071 1750 1146 1816 loco
1170 1748 1224 1830 54,
1249 1747 1286 1812 6:

216 1855 370 1935 ,ταραχῆς
385 1853 421 1917 δέ
434 1877 517 1928 τινος
538 1851 611 1934 arpi
625 1854 680 1914 τοῦ
697 1850 873 1933 τιολιὰρχον
890 1851 944 1913 τοῦ
966 1850 1085 1924 διιὶτᾶς
1108 1846 1223 1929 α’νοχάς
1238 1844 1289 1910 αὶ-

220 1953 373 2035 ρουμένου
390 1951 588 2032 χειροτονίαν
609 1951 777 2033 συμβάσης
799 1949 855 2014 οὐκ
877 1948 1087 2032 ἐπικράτησιν
1107 1947 1205 2032 αὐτῆς
1226 1951 1285 2030 [se.

212 2052 410 2138 Ἀχρύιτιας],
438 2051 505 2116 ἀλλ’
526 2051 598 2116 ἄνευ
619 2056 677 2135 τῆς
699 2053 799 2136 ἀρχῆς
819 2051 935 2133 ταύτης
963 2053 1017 2114 τὸν
1045 2051 1187 2114 ἐνιαυτὸν
1209 2052 1290 2114 ἐκεῖ·

217 2162 300 2232 νοω)
323 2153 502 2235 trryivovro'
525 2157 679 2222 inductus
704 2162 764 2238 est,
790 2176 866 2242 cum
890 2155 1092 2221 discordiam
1116 2161 1215 2239 atque
1239 2161 1290 2220 tu-

220 2259 358 2324 multum
387 2259 427 2324 dc
462 2259 535 2342 ipsa
571 2259 711 2342 eligendi
739 2260 869 2325 ratione
898 2263 934 2324 ut
964 2278 1052 2324 nova
1082 2263 1116 2324 et
1138 2259 1289 2324 inaudita

219 2367 334 2427 exorta
366 2381 440 2427 esse
472 2382 589 2445 parum
616 2363 829 2444 intelligeret;
865 2380 907 2427 ne
932 2380 973 2427 ex
996 2362 1110 2428 Dionis
1134 2363 1209 2428 loco
1234 2362 1287 2445 60,

216 2464 236 2528 5
265 2464 320 2530 illo
351 2465 499 2548 quidem:
544 2464 629 2542 ,τοὺς
661 2464 825 2545 γαμβροὺς
863 2461 930 2527 τότε
963 2485 995 2525 τε
1018 2463 1050 2526 ἐν
1076 2472 1144 2537 τοῖς
1172 2461 1289 2526 εἴκοσιν

216 2561 366 2644 ἀνδράσιν
387 2557 478 2645 ἄρξαι
502 2563 558 2628 καί
576 2562 654 2643 μετὰ
671 2567 773 2626 ταῦτα
796 2564 1007 2644 πολιαρχῆσαι
1025 2563 1058 2624 ἐν
1067 2573 1138 2636 ταῖς
1158 2559 1288 2640 ἀνοχαῖς

217 2664 358 2726 initium
381 2668 440 2744 [sc.
466 2663 660 2753 Κλαύδιος]’,
690 2687 893 2750 quamquam
928 2667 1104 2748 vigintiviri
1137 2685 1157 2731 a
1192 2665 1288 2747 plebe

217 2765 426 2849 creabantur,
451 2769 551 2833 etiam
576 2769 637 2833 hos
660 2767 848 2850 praefectos
872 2773 1004 2833 creatos
1029 2785 1103 2832 esse
1119 2767 1241 2832 licebat
1256 2767 1287 2832 ei

216 2867 377 2950 colligere.
403 2869 549 2936 Sallustii
572 2889 671 2952 porro
700 2869 810 2935 locum
834 2870 954 2934 Histor.
988 2889 1015 2936 c.
1048 2869 1068 2932 3
1102 2868 1160 2950 frg.
1192 2869 1235 2934 48
1246 2865 1285 2954 ⁵):

216 2971 274 3052 ,De
296 2971 466 3054 praefecto
489 2973 580 3039 urbis
604 2973 699 3056 quasi
714 2991 909 3055 possessore
930 2972 978 3038 rei
994 2971 1148 3055 publicae
1164 2992 1287 3054 magne

215 3075 379 3158 utrimque
402 3076 435 3139 vi
459 3075 729 3142 contendebatur’
766 3095 825 3140 cur
848 3076 889 3140 de
913 3076 1053 3140 duarum
1076 3075 1188 3157 populi
1210 3095 1288 3157 par-

215 3176 296 3240 tium
319 3179 429 3260 potius
453 3199 553 3262 quarn
577 3179 750 3244 consulum
774 3178 853 3243 anni
877 3173 976 3263 676⁶)
1001 3178 1214 3243 contentione
1231 3195 1287 3240 ac-

271 3399 292 3468 ¹>
310 3420 361 3457 noe
378 3402 470 3459 minus
489 3404 517 3458 in
536 3403 695 3477 municipiis
713 3402 847 3476 praefecti
865 3421 882 3459 a
912 3401 1078 3468 duumviris;
1099 3402 1134 3457 cf.
1152 3399 1222 3456 iuris
1240 3419 1287 3472 pu-

216 3488 281 3544 blici
300 3489 450 3564 Salpensae
468 3511 527 3566 cap.
545 3497 588 3550 25.

271 3575 293 3647 ²)
313 3577 382 3632 Cum
400 3579 506 3644 consul,
528 3597 617 3650 aquo
636 3578 681 3634 hie
700 3580 857 3651 praefectus
876 3576 1008 3650 proditur,
1027 3576 1057 3630 in
1076 3575 1177 3631 coieris
1195 3574 1286 3629 titulis

215 3677 270 3714 non
297 3662 463 3729 nominetur,
496 3663 543 3718 hic
570 3663 705 3717 Hadriani
734 3662 857 3718 consulis
883 3661 958 3732 iique
985 3659 1160 3732 imperatoris
1187 3677 1287 3713 nomen

216 3745 297 3814 quasi
316 3746 400 3802 decus
418 3748 556 3818 quoddam
575 3751 658 3818 atque
677 3753 869 3802 ornamentum
889 3746 1014 3801 additum
1033 3745 1145 3798 videtur
1164 3761 1233 3799 esse.

272 3829 293 3900 ⁸)
310 3830 340 3886 in
358 3832 563 3895 commentario.
583 3832 631 3902 qui
649 3832 809 3887 inscribitur
822 3833 898 3889 lleber
915 3831 953 3888 bit
971 3829 1048 3898 matt
1065 3831 1107 3885 bri
1125 3827 1288 3896 alltbmilrbut

215 3915 373 3984 praefectus
390 3914 523 3970 feriarum
541 3915 718 3980 Latinarum
743 3933 824 3986 quem
843 3914 970 3970 invenies
987 3914 1017 3968 in
1037 3911 1110 3968 actis
1129 3912 1288 3968 academiae

215 3995 438 4054 Vindobonensis
460 4002 527 4056 1853
545 4019 572 4071 p.
595 4003 607 4055 l
627 4017 687 4070 sqq.

271 4080 293 4150 ⁴)
312 4100 414 4136 annum
433 4086 485 4140 733
505 4103 531 4138 u.
550 4104 573 4138 c.
593 4116 627 4125 -
649 4085 670 4154 ¹¹)
689 4083 754 4138 edit.
773 4082 940 4137 Kritziunee.

272 4165 294 4237 ⁶)
312 4171 483 4236 argumenta,
503 4169 604 4240 quibus
617 4187 685 4223 usus
699 4169 752 4223 boe
763 4169 951 4237 fragmentum
966 4166 1104 4222 Linkerua
1113 4163 1288 4220 coniecturae

217 4267 284 4307 suae
303 4251 506 4308 confirmandae
520 4270 604 4308 eausa
623 4271 695 4308 anno
715 4254 768 4310 678
787 4251 907 4308 tribuere
926 4251 995 4318 vult,
1014 4249 1124 4324 probari
1137 4251 1287 4320 nequeunt.
