3158 5116
796 533 832 585 14

275 679 380 763 sequi,
403 679 460 762 qui
481 678 616 762 quaudo
638 677 777 742 latinas
799 676 1005 740 celebratum
1028 683 1261 756 wurenennt,
1290 675 1352 740 sed

275 783 310 848 id
332 783 442 849 solum
464 789 648 865 spectem,
671 789 707 846 ut
729 782 860 862 oppidis
881 780 978 858 latii,
1000 799 1088 862 quae
1111 781 1216 862 ipsius
1238 786 1353 846 aetate

276 885 518 964 incolebantur,
546 886 749 962 unumne,
779 903 867 966 quae
889 885 1024 948 deserta
1052 891 1112 948 aut
1132 903 1271 966 prorsus
1294 903 1353 948 ex·

275 989 380 1052 tincta
401 993 524 1052 essent
571 986 657 1052 Cum
679 995 792 1051 autem
815 988 982 1066 inpriore
1008 986 1066 1050 itta
1094 988 1183 1050 serie
1215 987 1354 1067 oppido-

276 1109 351 1154 rum
373 1091 511 1154 nomina
532 1091 723 1171 promiscue
745 1091 813 1152 sint
834 1097 1004 1168 congesta,
1027 1090 1064 1151 in
1084 1090 1270 1170 posteriore
1292 1107 1354 1152 no-

276 1191 370 1256 mine
391 1190 588 1273 populorum
602 1191 788 1255 iittmrum
803 1192 920 1255 ordine
934 1191 1096 1272 dispositu
1110 1193 1189 1272 sint,
1212 1191 1352 1256 Momm-

276 1311 377 1359 senus
400 1294 493 1358 hand
514 1295 635 1360 iniuria
665 1295 839 1359 adnotavit
867 1295 1012 1375 priorem
1034 1294 1158 1357 seriem
1181 1311 1224 1358 ex
1247 1313 1351 1359 anna·

275 1397 362 1462 libns
375 1395 410 1482 ¹),
432 1399 652 1480 posteriorem
674 1417 718 1462 ex
738 1397 870 1476 bbulis
893 1398 1015 1480 quibus
1037 1398 1095 1480 qui
1110 1398 1245 1480 ιτιτιτιιιΙο
1262 1397 1351 1465 [eriis

277 1500 404 1566 Latinis
426 1498 654 1564 interfuissent
675 1500 788 1581 populi
810 1502 1060 1564 oontinereutur
1071 1496 1108 1584 ¹),
1131 1499 1278 1564 fluxisse.
1301 1501 1351 1565 Ac

275 1600 426 1684 profecto
449 1601 614 1666 eiusmodi
635 1600 758 1664 unalis
780 1602 816 1663 iu
838 1619 961 1680 mogun
982 1603 1151 1664 sociorum
1167 1601 1351 1684 frequentia

276 1723 360 1785 opus
391 1701 503 1782 tuisse,
542 1703 621 1784 quid
648 1704 772 1766 eortius
799 1721 876 1766 esse
897 1709 1019 1784 potest,
1052 1705 1249 1783 praesertim
1272 1723 1349 1767 eum

276 1804 387 1887 aliquo
417 1805 452 1867 in
475 1804 699 1885 dispertiendo
727 1805 816 1868 tauri
845 1823 948 1868 earne
969 1804 1092 1886 populo
1114 1806 1265 1886 neglecto
1288 1806 1352 1870 La-

275 1907 365 1971 tinas
399 1907 579 1998 instaurari
615 1923 754 1970 necesse
788 1904 944 1990 esset'J?
988 1906 1115 1985 Quibus
1138 1908 1293 1970 nimirum
1316 1909 1351 1972 iu

274 2007 408 2088 tabulis,
432 2008 462 2071 si
485 2026 551 2089 qun
574 2006 653 2070 urbs
677 2013 736 2070 unt
758 2007 868 2071 ἀιιιιῑιι
897 2015 987 2071 esset
1008 2014 1068 2071 eut
1099 2016 1235 2090 propter
1257 2010 1353 2073 ineo-

275 2108 384 2173 larum
417 2109 621 2190 paucitatem
659 2114 718 2172 aut
747 2107 850 2172 adnm
882 2107 926 2171 ob
948 2127 1088 2172 eausam
1117 2109 1247 2190 legatos
1280 2111 1351 2175 ium

276 2211 421 2277 mitteret
458 2211 577 2292 nullos,
623 2229 699 2276 eam
737 2211 889 2276 denotari
926 2219 1189 2277 oonsentnneum
1227 2219 1300 2278 erat
1311 2209 1350 2298 ⁴).

276 2314 428 2396 Quonam
451 2315 518 2381 alio
541 2316 641 2380 modo
664 2315 791 2380 Plinius
813 2321 863 2380 tot
884 2316 1016 2398 oppida,
1051 2335 1138 2399 quae
1161 2335 1284 2398 magua
1307 2335 1350 2382 ex

274 2428 370 2506 parte
393 2423 462 2488 iam
485 2423 612 2504 pridem
646 2423 851 2502 interierant,
889 2441 1025 2487 earnem
1058 2423 1137 2488 olim
1176 2425 1351 2506 accepisse

275 2525 461 2608 comperire
483 2525 615 2606 potuit?
641 2524 708 2590 Sed
731 2543 808 2588 cum
831 2526 865 2588 in
887 2525 1009 2590 tabulis
1032 2544 1148 2591 omnes
1172 2525 1242 2591 iere
1264 2545 1350 2609 quos

274 2627 339 2692 hoe
361 2627 436 2693 loco
452 2628 658 2692 enumerarit
672 2628 811 2710 populos
826 2630 1036 2710 repperisset,
1051 2647 1121 2711 eos,
1137 2649 1220 2712 quos
1239 2630 1350 2712 priore

274 2732 343 2796 iam
370 2731 457 2795 serie
486 2731 626 2796 annales
656 2738 791 2796 secutus
814 2739 1069 2812 memoraverat,
1107 2733 1142 2796 in
1164 2733 1349 2814 posteriore

274 2835 361 2902 serie
384 2835 537 2900 omittere
563 2853 601 2900 se
623 2853 723 2918 posse
761 2834 937 2915 censebat;
975 2852 1082 2918 neipie
1122 2835 1169 2900 itu
1207 2835 1348 2901 multum

274 2938 474 3004 discriminis
506 2939 593 3003 inter
628 2939 732 3004 series
762 2939 837 3003 illas
866 2945 1013 3004 statuere
1035 2939 1181 3004 voluisse
1203 2939 1347 3004 Plinium

274 3059 314 3105 eo
338 3059 468 3124 quoque
492 3039 641 3120 efficitur,
665 3043 753 3124 quod
777 3048 811 3106 et
833 3041 925 3106 clara
940 3042 1062 3123 oppida
1086 3047 1118 3106 et
1132 3042 1272 3124 populos
1295 3044 1347 3106 in-

274 3141 325 3207 tra
347 3142 492 3207 breviter
515 3143 659 3226 appellat
681 3143 822 3224 populos
835 3140 871 3226 ⁵).

338 3245 445 3327 Atque
475 3245 576 3309 etiam
605 3244 753 3328 Dionysii
781 3245 892 3308 locum
914 3245 953 3326 V,
978 3241 1061 3329 61⁶)
1091 3245 1135 3309 ad
1159 3246 1343 3310 earundem

271 3345 459 3412 tabularum
483 3348 715 3413 auetoritatem
739 3346 947 3413 referendum
971 3367 1046 3413 esse
1069 3347 1294 3413 Mommsenus
1310 3350 1345 3414 in

329 3524 349 3596 ¹)
367 3523 494 3578 Momms.
513 3521 543 3578 in
560 3522 680 3578 Hermae
698 3523 753 3580 vol.
772 3522 852 3578 XVII
869 3542 896 3596 p.
916 3527 950 3580 55
968 3541 1010 3594 sq.
1029 3555 1065 3565 -
1085 3523 1106 3594 ²)
1125 3523 1143 3579 Ι.
1163 3524 1182 3579 l.
1200 3543 1227 3596 p.
1246 3525 1290 3581 49,
1309 3556 1344 3567 .-

267 3609 297 3682 .’)
316 3611 351 3665 of.
371 3608 431 3665 niv.
455 3610 499 3672 87,
517 3613 542 3665 3.

325 3694 348 3766 ⁴)
366 3711 436 3764 quos
454 3693 587 3750 videlieet
610 3695 721 3751 tubulas
739 3695 825 3750 etium
849 3695 1037 3787 etque'etiem
1055 3695 1214 3765 recognitas
1232 3714 1294 3801 osse
1312 3715 1343 3752 re

271 3779 333 3854 ipss
351 3781 474 3852 apparet.
820 3837 823 3844 1

326 3863 348 3938 ⁶)
367 3883 421 3936 que
450 3883 480 3920 rs
507 3882 579 3935 ques
597 3865 788 3920 Mommsenus
806 3863 824 3918 l.
843 3863 861 3918 Ι.
882 3882 944 3936 pag.
963 3867 998 3922 53
1026 3865 1060 3920 do
1087 3863 1221 3920 seriorum
1249 3863 1343 3920 discri-

246 3953 249 3962 '
271 3950 346 4008 mine
365 3949 484 4005 eonieeit
502 3949 619 4004 refutari
638 3949 776 4005 videntur.

325 4035 347 4109 ⁸)
366 4039 431 4102 ,dud
449 4039 550 4094 τούτων
576 4044 630 4094 τῶν
654 4041 763 4094 πόλεων
781 4035 849 4107 ἦσαν
873 4038 985 4112 ἄνδρες,
1008 4039 1167 4110 Ἀρδεατῶν,
1192 4041 1344 4114 Ἀρικηνῶν,

271 4131 435 4203 Βοϊλλανῶν,
455 4137 656 4202 Βουβεντανῶν,
672 4131 796 4204 Κόρνων,
813 4137 1022 4204 Καρυεντανῶν,
1034 4136 1215 4202 Κιρκαιητῶν,
1239 4138 1345 4205 Κοριο-

270 4223 367 4294 Κανῶν,
398 4226 565 4296 Κορβιντῶν,
599 4227 747 4293 Καβανῶν,
781 4227 958 4294 Φορτινείων.
993 4223 1110 4293 Γαβίων,
1140 4227 1343 4293 Λαυρεντίνων,

269 4315 442 4380 Λανουινων,
487 4319 673 4386 Λαβινιατῶν,
712 4317 895 4386 Λαβικανῶν,
934 4318 1136 4387 Νωμεντανῶν,
1171 4319 1342 4386 Νωρβανῶν,
