3158 5116
763 488 797 542 50

245 652 295 714 n.;
326 651 405 697 uam
429 632 484 696 hie
508 649 585 696 curn
608 650 696 696 anno
721 630 853 694 demum
878 627 919 694 37
945 649 975 711 p.
1001 628 1078 694 Chr.
1103 648 1134 692 n.
1170 646 1317 693 morere-

244 743 298 802 tur
315 734 347 822 ¹),
384 733 482 801 laeile
518 734 586 800 lieri
620 733 735 818 potuit,
772 739 808 798 ut
838 731 1102 814 Scribonianum,
1136 751 1234 818 quem
1273 767 1317 778 -

246 841 368 906 etenim
392 839 514 905 Pisone
538 835 639 903 iratro
669 837 776 902 maior
799 833 910 922 erat²)
933 871 977 882 -
1010 842 1087 902 ante
1120 855 1245 902 annum
1273 835 1317 899 38

245 950 361 1009 natum
378 961 451 1007 esse
474 947 604 1006 constat
618 938 654 1026 ³),
680 941 750 1004 sive
774 940 868 1004 vivus
891 941 962 1005 sive
988 946 1187 1006 testamento
1212 941 1315 1021 adop-

245 1051 343 1108 taret.
397 1042 486 1106 lufra
517 1048 629 1106 autern
660 1041 751 1105 Lucii
780 1040 943 1120 Scribonii
967 1041 1111 1121 Libonis,
1137 1042 1317 1124 Pompeiae

247 1146 357 1208 mariti
370 1142 407 1228 ⁴),
444 1149 598 1224 nepotem
635 1149 667 1206 et
703 1141 762 1207 Cn.
796 1142 932 1225 Pompei
972 1143 1081 1224 Magni
1119 1143 1319 1225 abnepotem

247 1247 413 1312 nominari
446 1245 702 1312 Scribonianum
733 1245 803 1310 veri
837 1251 891 1309 est
924 1245 1059 1336 simile,
1080 1245 1205 1310 omisso
1241 1243 1317 1310 Ser.

247 1350 405 1432 Pompeio
430 1367 565 1432 proavo,
590 1353 703 1430 utpote
726 1346 865 1428 Augusti
888 1347 967 1412 olim
991 1347 1135 1413 inimico.

315 1451 571 1518 Scribonianum
595 1455 717 1530 autem,
754 1468 831 1514 curn
866 1455 944 1514 ante
980 1469 1104 1516 annum
1141 1449 1184 1514 38
1221 1459 1320 1515 natus

247 1560 346 1634 esset,
370 1553 480 1635 potius
512 1557 590 1617 ante
613 1571 738 1616 annum
761 1550 805 1616 63
840 1571 940 1634 quam
974 1558 1050 1634 post
1084 1570 1159 1617 eum
1195 1571 1320 1617 annum

245 1655 452 1740 praelectum
477 1654 578 1720 luisse
601 1655 796 1738 putaverim.

314 1759 473 1828 Hadriani
507 1777 606 1840 porro
645 1758 739 1822 titulo
776 1758 914 1824 Athenis
953 1765 1084 1840 reperto
1102 1755 1126 1844 ⁵)
1166 1759 1321 1824 laudatur

247 1859 466 1942 praefectura.
494 1859 601 1942 Atque
625 1859 821 1942 Spartianus
844 1862 878 1924 in
902 1861 991 1925 vitae
1015 1861 1174 1925 Hadriani
1198 1881 1271 1944 oap.
1296 1863 1317 1926 2

246 1963 356 2043 prima
368 1962 527 2026 Hadriani
552 1981 690 2027 munera
713 1963 778 2026 hoc
802 1963 916 2026 ordine
942 1970 1129 2028 enumerat:
1155 1982 1273 2046 ,quare
1298 1981 1319 2028 a

250 2064 394 2128 Traiano
418 2083 477 2146 pro
502 2064 567 2128 filio
591 2065 724 2128 habitus
753 2082 815 2128 nec
839 2064 942 2128 multo
965 2070 1040 2146 post
1064 2064 1232 2129 decemvir
1254 2065 1319 2127 liti-

251 2165 312 2230 bus
337 2165 524 2231 iudicandis
548 2166 645 2231 datus
662 2172 761 2248 atque
777 2165 854 2230 inde
869 2165 1020 2230 tribunus
1037 2165 1204 2232 secundae
1220 2165 1321 2230 Adiu-

245 2268 338 2333 tricis
362 2269 499 2350 legionis
523 2276 665 2336 creatus.
683 2270 839 2352 posthoc
862 2269 896 2332 in
918 2267 1107 2333 inferiorem
1120 2267 1279 2333 Moesiam
1295 2263 1320 2351 ⁰)

222 2368 427 2435 ‘translatus
452 2373 609 2436 extremis
634 2373 700 2437 iam
723 2371 901 2436 Domitiani
925 2370 1155 2453 temporibus’.
1180 2372 1320 2436 Hadria-

247 2492 309 2536 nus
332 2473 438 2553 igitur,
470 2479 647 2556 postquam
671 2475 857 2555 quindecim
889 2492 995 2538 annos
1027 2479 1125 2538 natus
1149 2470 1192 2556 (a.
1218 2473 1259 2537 91
1285 2495 1317 2556 p.

247 2571 323 2638 Chr.
349 2572 395 2658 n.)
431 2575 582 2640 militiam
617 2575 689 2639 iniit
704 2570 737 2659 7),
780 2576 955 2658 decemvir,
998 2574 1186 2658 praefectus
1222 2574 1319 2640 leria-

246 2697 330 2758 rum,
361 2680 457 2760 sevir,
479 2679 629 2743 tribunus
656 2679 793 2759 legionis
824 2680 966 2761 primum
994 2680 1171 2759 secundae,
1201 2679 1318 2743 deinde

245 2782 388 2864 quintae,
414 2789 484 2846 turn
508 2783 687 2848 vicesimae
712 2783 847 2848 alterius
873 2782 980 2848 lactus
1005 2789 1064 2848 est.
1098 2781 1181 2848 Cum
1206 2789 1318 2847 autem

245 2883 396 2950 tribunus
430 2884 569 2966 legionis
600 2887 734 2969 quintae
766 2905 854 2951 auno
879 2885 921 2950 96
954 2883 1051 2950 luerit
1081 2892 1114 2951 et
1142 2887 1227 2950 inter
1259 2905 1318 2950 an-

246 3005 326 3049 num
350 2986 390 3050 91
418 2992 450 3051 et
474 3006 598 3051 annum
623 2987 665 3051 96
690 2993 845 3070 quattuor
868 2988 1059 3052 muneribus
1096 2987 1227 3052 iunctus
1262 2989 1315 3067 sit,

246 3088 317 3150 eius
342 3088 600 3152 decemviratum
624 3087 726 3171 (anno
751 3087 806 3174 92)
830 3091 943 3154 statim
967 3109 1056 3153 anno
1073 3089 1115 3153 93
1131 3088 1317 3171 piraeiectu-

245 3208 318 3252 ram
342 3195 492 3253 secutam
517 3208 590 3254 esse
614 3197 761 3272 apparet.
841 3247 846 3262 ,

313 3292 455 3356 Titulum
475 3292 673 3374 Romanurn,
698 3295 753 3376 qui
776 3292 900 3357 bullett.
919 3294 1009 3358 arch.
1035 3291 1316 3359 comunale1883

244 3394 344 3458 tabul.
371 3395 413 3458 19
430 3401 530 3476 extat,
548 3415 624 3460 cum
644 3395 831 3478 praelectus
854 3395 945 3460 urbis
970 3397 1003 3459 in
1028 3415 1067 3461 eo
1092 3396 1125 3460 L.
1141 3395 1316 3460 Considius

247 3495 359 3568 Gallus
384 3499 516 3562 aliunde
541 3499 671 3579 ignotus
696 3499 886 3580 appelletur,
912 3519 932 3564 a
956 3501 1061 3581 primo
1085 3507 1159 3581 [rost
1183 3498 1259 3564 Chr.
1284 3519 1316 3562 n.

245 3600 380 3665 saeculo
404 3602 619 3682 repetendum
650 3619 724 3666 esse
752 3622 782 3683 p.
808 3602 850 3666 42
875 3622 952 3666 ann.
977 3603 998 3666 4
1022 3603 1207 3666 ostendisse
1239 3603 1318 3665 mihi

247 3703 370 3768 videor.

302 3929 321 4000 ¹)
340 3931 405 3984 Tae.
425 3947 488 3984 ann.
507 3927 555 3993 Vl,
574 3931 618 3984 47.
638 3959 673 3968 -
693 3928 714 3998 ²)
734 3928 798 3983 Tuo.
818 3928 883 3984 hist.
903 3929 924 4008 Ι,
944 3929 988 3984 48.

301 4014 321 4085 ⁸)
340 4016 528 4069 Mommsenus
547 4032 596 4068 eur
615 4014 632 4068 l.
653 4015 670 4068 l.
691 4032 762 4068 anno
781 4015 816 4069 33
844 4034 869 4085 p.
896 4013 958 4068 chr.
988 4033 1014 4068 n.
1041 4031 1103 4067 oum
1131 4017 1228 4068 natum
1256 4029 1319 4066 esse

244 4099 402 4162 contendat,
421 4099 548 4168 equidem
567 4116 621 4152 non
640 4115 780 4168 assequor.
802 4129 833 4137 -
855 4099 876 4168 ⁴)
896 4097 1018 4152 consulis
1036 4097 1101 4151 nuni
1119 4099 1150 4152 lo
1170 4116 1195 4168 p.
1210 4097 1272 4152 cna
1292 4115 1318 4152 u.

298 4183 320 4252 ὅ)
341 4183 369 4237 O.
390 4183 410 4237 1.
431 4182 459 4237 L.
481 4183 528 4246 ΙΙΙ,
548 4184 613 4245 55ος
634 4182 668 4246 cf,
692 4181 783 4235 annal.
798 4181 823 4234 d.
838 4179 1154 4251 inst.vol.34(1862)p.
1170 4181 1318 4236 137-160.

298 4267 320 4338 ⁶)
340 4267 437 4337 quinta
456 4271 523 4322 tunc
542 4267 580 4320 ibi
599 4266 672 4335 legio
691 4270 759 4320 crab.
785 4296 818 4305 —
841 4266 861 4335 Ι)
881 4265 971 4336 Spuri.
991 4264 1008 4320 l.
1022 4264 1039 4318 l.
