3158 5116
600 1319 710 1431 Pars
750 1319 1004 1484 secunda..

340 1571 425 1660 Qua
448 1571 600 1639 ratione
620 1571 746 1639 ‘feriae
769 1572 932 1640 Latinae
956 1572 1116 1640 habitae
1140 1573 1231 1640 sint.

751 1789 825 1872 §u

331 1934 591 2004 Inniversaries
616 1935 724 2004 fuisso
748 1934 854 2004 ferias
878 1934 1015 2004 Latinas
1041 1933 1239 2004 ostenditur.

318 2129 441 2210 Quibus
480 2129 682 2222 temporibus
716 2129 816 2195 Ierias
847 2130 1136 2207 adminIstrabant
1170 2131 1321 2210 Romani,

247 2253 387 2318 quorum
423 2233 577 2298 nimirum
612 2233 800 2300 interfuisse
835 2234 1091 2299 existimandum
1116 2239 1167 2299 esi
1190 2233 1323 2301 Latmo-

247 2358 319 2402 rum
345 2338 474 2403 animos
498 2336 613 2420 quavis
636 2337 814 2403 occasione
831 2335 893 2402 sibi
910 2337 1090 2402 conciliare
1106 2343 1204 2420 atque
1222 2336 1320 2402 etiam

247 2441 404 2520 religione
432 2441 576 2522 quadam
607 2441 783 2522 devincire,
815 2442 855 2505 iis
879 2441 1012 2522 quidem
1035 2440 1239 2522 temporibus
1263 2459 1320 2504 on-

248 2543 449 2606 niuersarias
473 2540 576 2606 fuisse
600 2542 735 2605 Latinas
763 2542 816 2606 vel
840 2560 880 2606 eo
905 2547 1042 2622 apparet
1072 2541 1160 2622 quod
1184 2541 1217 2604 in
1242 2561 1321 2605 con-

248 2643 386 2724 ceptivis
411 2640 501 2706 Ieriis
526 2661 583 2706 eas
607 2649 783 2706 numerant
814 2648 846 2707 et
870 2641 1058 2708 Macrobius
1073 2637 1097 2726 ¹)
1121 2647 1154 2706 et
1176 2642 1282 2708 Varro
1296 2639 1321 2726 ²)

247 2750 357 2827 atque,
393 2745 481 2827 quod
515 2763 681 2808 summum
717 2751 776 2826 est,
811 2764 930 2811 omnes
966 2743 1127 2810 fastorum
1161 2744 1321 2827 reliquiae

248 2847 438 2926 continuam
464 2866 626 2912 annorum
650 2848 972 2924 seriemostendunt.
998 2839 1114 2912 Testes
1130 2852 1207 2911 sunt
1222 2867 1321 2928 porro

246 2947 420 3030 Dionysius
437 2947 488 3027 IV,
506 2947 566 3012 49:
589 2945 651 3026 ,ἵνα
674 2943 889 3027 συνερχόμενοι
915 2943 988 3009 καθ’
1013 2945 1147 3008 ἕκαστον
1178 2944 1336 3009 ἐνιαυτὸν

248 3044 483 3125 πανηγυρίζωσι
503 3098 510 3112 .
534 3101 541 3116 ,
565 3047 595 3130 .’,
619 3048 727 3114 Livius
751 3049 832 3130 VIII,
851 3050 906 3114 11:
933 3055 1189 3133 ‚renovaturque
1206 3047 1320 3114 Ioedus
1371 3055 1373 3060 ’

244 3145 306 3232 (sc.
331 3148 556 3216 Romanorum
584 3167 667 3216 cum·
681 3151 912 3238 Laurentibus)
936 3153 1113 3235 quotannis
1137 3156 1212 3234 post
1233 3150 1320 3214 diem

245 3252 412 3318 decimum
425 3253 642 3336 Latinarum',
668 3254 870 3336 Pomponius
894 3255 929 3319 in
952 3255 1014 3336 dig.
1039 3254 1094 3319 lib.
1119 3254 1211 3338 I§2‚
1229 3255 1259 3334 2,
1277 3253 1320 3318 33

248 3355 441 3439 ,quotannis
465 3355 659 3422 observatur
683 3354 743 3442 (sc.
769 3356 956 3440 praefectus
980 3357 1054 3422 urbi
1079 3356 1234 3422 feriarum
1258 3357 1321 3422 La-

245 3457 431 3544 tinarum)',
456 3460 637 3526 scholiasta
661 3460 835 3526 Bobiensis
860 3462 903 3526 ad
928 3461 996 3527 Cic.
1021 3481 1080 3543 pro
1096 3460 1212 3528 Plano.
1229 3461 1259 3542 9,
1277 3460 1320 3526 23

235 3554 356 3645 '(0reII.
383 3563 409 3626 II
431 3583 462 3644 p.
488 3561 586 3648 255):
611 3563 716 3646 ‚quod
739 3581 817 3628 vero
835 3563 1037 3629 mentionem
1060 3563 1223 3644 petendae
1247 3583 1321 3628 car-

246 3665 298 3729 nis
323 3663 409 3746 iecit,
433 3667 574 3748 perimet
597 3668 640 3732 ad
664 3667 936 3732 consuetudinem
961 3667 1048 3732 sacri
1073 3666 1290 3732 anniversarii
1302 3664 1319 3732 ³.

305 3822 323 3894 ¹)
342 3822 452 3878 Seium.
471 3825 493 3890 1,
514 3826 562 3880 lo:
593 3823 785 3896 ,concaptivae
803 3826 853 3896 (sc.
872 3824 969 3896 feriae)
999 3827 1066 3880 sunt
1084 3842 1155 3896 quae
1173 3823 1321 3894 quotannis

244 3924 263 3960 a
282 3907 491 3976 magistratibus
518 3908 562 3962 vel
582 3908 773 3963 sacerdotibus
801 3909 995 3980 concipiuntur
1022 3909 1051 3963 in
1079 3909 1139 3964 dies
1166 3909 1211 3964 vel
1231 3911 1322 3964 certos

247 3989 291 4044 vel
312 3990 394 4045 etiarn
414 3991 543 4055 incertos,
563 3994 594 4046 ui
611 3995 677 4046 sunt
697 3993 813 4048 Latinae
837 4035 843 4048 .
865 4035 871 4048 .
891 3995 915 4048 .'
969 4047 973 4055 ,

302 4073 324 4144 ²)
343 4076 376 4128 de
395 4074 490 4144 lingua
508 4077 568 4130 aas.
587 4076 635 4138 vi,
654 4078 702 4131 25:
723 4077 853 4141 ‚Latinae
866 4077 953 4132 feriae
965 4076 1023 4130 dies
1036 4075 1216 4146 concaptivus
1230 4075 1322 4130 dictus

246 4174 264 4210 o
283 4157 389 4213 Latinis
407 4158 524 4230 populis,
544 4158 644 4229 quibus
663 4178 698 4214 ex
717 4161 824 4216 Albano
837 4163 930 4215 monis
947 4178 983 4214 ex
995 4158 1083 4214 sacris
1101 4176 1213 4214 carnem
1227 4161 1321 4230 peiere

246 4242 302 4296 fuit
319 4242 363 4298 ius
381 4261 443 4300 cum
461 4243 601 4310 Romanis,
621 4263 637 4300 a
655 4243 755 4315 quibus
773 4245 881 4301 Latinis
898 4245 1013 4302 Latinae
1032 4244 1140 4300 diotae!
