3158 5116
795 495 829 550 to

279 641 436 710 seriarum
460 643 495 707 in
518 643 678 708 societate
702 640 805 710 luisse
840 650 931 710 certa
954 644 1042 727 apud
1066 644 1150 712 alios
1173 645 1351 728 scriptores

277 745 469 812 testimonia
491 743 705 828 perhibentur
719 741 752 832 ¹).

366 849 602 930 Adiuugendus
630 855 681 915 est
709 868 808 932 porro
837 851 929 916 locus
960 850 1108 936 Dionysii
1131 851 1184 934 lv,
1212 851 1256 916 49
1279 852 1348 917 hic:

279 949 407 1029 ,Τυχών
422 947 456 1011 δὲ
471 950 526 1032 τῆς
535 948 689 1012 Λατίνων
703 946 869 1033 ἡγεμονίας
888 947 905 1012 ὁ
924 951 1099 1032 Ταρκύνιος
1120 951 1351 1033 ἐπρεσβεύσατο
1367 949 1371 959 ’

279 1049 336 1112 καί
364 1049 443 1130 πρός
472 1048 527 1121 τὰς
551 1047 702 1130 Ἑρνίκων
722 1049 828 1126 πόλεις
854 1049 911 1114 καί
943 1053 1022 1134 αρός
1057 1051 1112 1125 τὰς
1139 1049 1352 1116 Οὐολούσκων

279 1146 534 1232 προκαλούμενος
555 1145 715 1224 κάκείνους
738 1149 781 1222 είς
803 1147 916 1232 φιλίαν
937 1173 969 1212 τε
990 1149 1047 1212 καιΙ
1068 1149 1269 1230 συμμαχίαν.
1288 1199 1296 1215 .
1315 1199 1322 1214 .
1343 1205 1351 1222 ,

272 1249 409 1332 Ἕρνικες
429 1247 489 1326 μὲν
516 1238 571 1311 οὖν
600 1245 734 1323 ἅπαντες
755 1249 958 1334 ἐψηφίσαντο
993 1255 1156 1314 ποιεῖσθαι
1186 1254 1243 1336 τῆν
1272 1277 1354 1334 συμ-

278 1348 400 1429 μαχίαν
421 1369 429 1388 ·
452 1350 485 1412 ἐκ
507 1347 542 1411 ti
562 1348 619 1410 τοῦ
632 1344 843 1410 Οὐολούσκων
866 1343 980 1424 ἔθνους
1003 1349 1057 1412 δύο
1079 1349 1185 1427 πόλεις
1206 1351 1353 1430 ἐδέξαντο

278 1447 375 1527 μόναι
392 1450 447 1524 τὰς
465 1447 661 1530 προκλήσεις,
681 1445 861 1532 Ἐχετρανοί
885 1472 917 1512 τε
937 1447 994 1512 καί
1017 1447 1204 1517 Ἀντιᾶται.
1227 1500 1234 1515 .
1257 1501 1264 1516 .
1286 1500 1294 1517 .
1317 1451 1353 1518 αἱ

280 1549 313 1612 tt
338 1551 552 1628 μετασχοῦσαι
585 1550 641 1630 τῆς
670 1545 779 1632 ἑορτῆς
808 1571 840 1611 τε
876 1549 931 1610 καί
968 1551 1086 1626 θυσίας
1123 1551 1230 1626 πόλεις
1259 1559 1353 1634 τριῶν

281 1648 411 1710 δέουσαι
431 1649 622 1730 πεντήκοντα
641 1643 797 1730 ἐγένοντο’.
822 1649 927 1729 Quem
956 1657 1152 1717 cunctarum
1181 1654 1353 1719 civitatum

281 1751 471 1816 Latinarum
497 1755 529 1815 et
545 1751 763 1816 Hernicarum
780 1751 985 1836 duarumque
1005 1753 1200 1819 Volscorum
1221 1755 1354 1820 urbium

281 1873 448 1918 summam
471 1852 649 1918 facientem
662 1872 729 1918 non
741 1853 814 1936 plus
827 1855 1045 1938 quadraginta
1057 1863 1183 1939 septem
1196 1858 1230 1923 in
1242 1877 1354 1924 errore

279 1957 406 2021 versari
434 1957 540 2038 primo
564 1954 679 2020 obtutu
703 1955 806 2019 cuivis
831 1974 987 2037 magnam
1023 1959 1217 2041 oppidorum
1242 1961 1352 2024 multi-

280 2059 428 2124 tudinem
451 2059 641 2141 respicienti
665 2065 803 2140 apparet
827 2064 859 2122 et
875 2077 917 2122 ne
941 2078 1017 2124 cum
1033 2060 1184 2126 Hernicis
1209 2062 1352 2144 quidem,

280 2162 401 2227 nedum
426 2181 502 2226 cum
526 2161 664 2242 Volscis,
698 2161 876 2244 Tarquinio
900 2161 1049 2246 Superbo
1079 2170 1239 2246 regnante
1269 2165 1353 2230 ami-

282 2264 395 2329 citiam
423 2261 525 2329 fuisse
560 2264 684 2330 Latinis
715 2264 800 2328 inter
831 2283 947 2330 omnes
981 2271 1121 2331 constat.
1174 2265 1282 2350 Atque
1312 2285 1354 2332 ex

280 2368 414 2447 triginta
448 2367 575 2448 oppidis
600 2365 735 2445 Latinis
771 2383 857 2448 quae
887 2385 1081 2431 communes
1113 2385 1167 2431 res
1190 2368 1353 2447 guberna-

281 2469 371 2550 bant,
395 2469 583 2551 quindecim
607 2466 768 2546 Hernicis,
783 2465 910 2531 duobus
925 2467 1055 2532 Volscis
1079 2486 1155 2532 eum
1178 2487 1352 2532 numerum

283 2577 494 2652 computasse
507 2569 699 2652 Dionysium
715 2569 878 2650 suspicari
895 2568 1068 2634 maluerim
1087 2589 1188 2652 quam
1212 2570 1352 2635 Momm-

282 2691 398 2737 senum
423 2670 546 2755 (Herm.
573 2672 614 2736 17
638 2691 711 2754 pag.
736 2669 781 2735 50
803 2689 879 2736 ann.
907 2668 939 2755 1)
974 2678 1108 2736 secutus
1132 2672 1351 2754 quadraginta

281 2780 408 2858 septem
433 2773 534 2840 luisse
550 2774 676 2858 antiqui
692 2774 776 2839 Latii
795 2774 946 2838 civitates
958 2773 1022 2838 hoc
1039 2791 1079 2838 ex
1096 2773 1169 2838 loco
1190 2774 1351 2840 evincere.

349 2877 520 2959 Quodeum
542 2878 751 2960 perspicuum
776 2877 820 2942 sit
842 2876 1012 2942 civitatum
1043 2895 1129 2960 quae
1152 2876 1279 2943 Latinis
1302 2878 1353 2942 in-

282 2989 427 3048 tererant
449 2999 622 3047 numerum
645 2982 713 3046 iam
737 2980 975 3063 antiquissimis
997 2979 1198 3062 temporibus
1223 2981 1354 3046 nonita

281 3104 419 3167 parvum
444 3083 555 3166 luisse,
590 3091 661 3149 tum
684 3082 815 3164 regibus
850 3082 957 3147 Roma
991 3082 1117 3147 exactis
1153 3100 1353 3164 magnopere

282 3195 399 3253 auctus
423 3193 488 3267 est;
518 3187 639 3252 etenim
662 3191 837 3268 postquam
861 3185 895 3248 in
918 3183 999 3249 fines
1023 3183 1251 3264 Hernicorum,
1275 3183 1353 3250 Vol-

281 3309 424 3369 scorum,
459 3290 608 3354 omnium
632 3288 772 3370 denique
796 3286 1008 3374 smitimarum
1031 3287 1176 3368 gentium
1200 3286 1353 3352 coloniae

282 3393 444 3458 deductae
467 3397 554 3472 sunt,
579 3409 665 3474 quae
687 3389 827 3472 propriis
850 3387 1096 3469 magistratibus
1120 3387 1298 3454 utebantur
1320 3395 1353 3452 et

282 3496 400 3562 eodem
433 3493 502 3560 iere
525 3494 596 3559 iure
631 3499 729 3576 atqua
754 3492 836 3556 Latii
860 3491 985 3574 antiqui
1009 3491 1139 3574 oppida,
1174 3497 1353 3573 gentesque

282 3597 357 3662 illae
380 3584 483 3679 ipsae,
519 3615 595 3660 cum
618 3595 680 3660 sub
710 3594 935 3658 Romanorum
967 3599 1166 3674 potestatem
1195 3592 1352 3657 redactae

283 3705 404 3781 essent,
438 3698 532 3764 Latio
555 3697 707 3763 adiectae
730 3701 817 3778 sunt,
853 3712 969 3761 omnes
1000 3695 1065 3760 hae
1099 3693 1351 3775 magistratuum

282 3802 325 3868 ad
349 3801 484 3866 Latinas
514 3799 644 3884 publice
675 3799 909 3864 mittendorum
939 3804 1083 3864 nanctae
1113 3803 1190 3863 sunt
1212 3801 1352 3881 potesta·

282 3949 496 3960 .......-.—.-.--

339 4019 359 4090 ¹)
378 4019 412 4072 de
430 4018 567 4074 Laurento
586 4020 616 4072 et
633 4015 757 4071 Lanuvio
776 4014 849 4087 apud
867 4013 927 4069 niv.
945 4016 989 4080 37,
1008 4015 1025 4070 8
1044 4016 1073 4068 ct
1088 4015 1132 4079 41,
1153 4015 1195 4078 16,
1215 4012 1248 4066 de
1260 4011 1353 4066 Ardea

282 4105 355 4178 apud
372 4103 433 4160 Liv.
452 4105 529 4170 32,1
560 4106 589 4158 et
606 4102 635 4157 in
653 4101 735 4157 titulo
755 4100 784 4157 (λ
804 4101 825 4156 1.
844 4100 874 4156 L.
900 4100 948 4166 Vl,
974 4103 998 4166 1,
1026 4101 1149 4156 2020:
1167 4097 1242 4164 xlv,
1270 4098 1352 4163 2231,

282 4193 316 4246 ds
335 4189 440 4256 Gabiis,
458 4189 585 4255 Bovillis,
604 4187 705 4244 Labico
733 4187 805 4259 apud
826 4185 881 4242 cic.
900 4203 949 4258 pro
968 4185 1062 4241 Plano.
1082 4187 1107 4252 9,
1126 4185 1170 4250 23,
1200 4183 1233 4238 dc
1252 4199 1351 4238 novem

282 4277 346 4334 aliis
364 4277 436 4349 apuu
455 4273 576 4332 Plinium
594 4274 644 4340 Ill,
662 4276 688 4340 9,
707 4273 751 4329 68.
