3158 5116
751 487 783 538 17

230 633 307 692 tem.
331 627 418 691 Nam
441 633 478 692 ut
489 627 608 693 Albam
622 627 826 692 Fucentiam‘
840 627 1006 692 coloniam
1031 628 1181 710 quamvis
1197 646 1306 694 remo·

230 734 299 794 tam
323 747 436 794 earum
450 729 644 810 participem
662 726 763 792 luisse
781 724 805 813 l)
822 728 984 810 omittam,
1002 728 1122 795 Strabo
1139 730 1210 811 Vp.
1227 731 1303 804 229,

230 850 431 914 quamquam
456 831 585 896 latium
609 829 780 912 antiquum
805 835 838 895 et
861 849 983 896 novum
1001 838 1158 897 accurate
1182 833 1305 898 discer-

229 935 286 1014 nir,
304 935 396 999 dicit:
414 917 566 1008 ,ἐνταῦθά
583 935 637 1012 [ec.
651 931 684 992 ἐν
698 931 884 1015 tristificari
900 924 977 1015 ὄρει]
989 931 1143 1010 Ῥωμαῖοι
1164 933 1221 995 σῦν
1238 941 1305 1007 τοῖς

229 1033 381 1108 Λατίνοις
403 1031 461 1098 Διὶ
482 1029 633 1111 dducam,
655 1035 745 1100 nullo
771 1036 963 1102 Latinorum
983 1037 1174 1102 discrimine
1204 1035 1304 1116 iacto,

230 1143 262 1201 et
278 1137 425 1221 Dionysii
448 1133 551 1201 verba
573 1135 653 1216 Vlll,
678 1136 738 1201 87:
762 1136 873 1219 ,udum
896 1134 1029 1198 θύουσιν
1050 1133 1084 1198 αἱ
1105 1138 1162 1218 τῆς
1183 1133 1304 1209 πόλεως

230 1233 327 1320 degui
348 1236 455 1319 κοινῆν
476 1231 556 1318 ὑπὲρ
577 1235 632 1298 τοῦ
650 1237 805 1301 Λατίνων
827 1235 938 1311 ἔθνους
955 1236 999 1322 τῷ
1014 1235 1071 1303 Ad
1093 1233 1220 1300 θυσίαν1
1240 1237 1305 1304 nisi

179 1360 183 1368 ¹
231 1339 271 1404 de
295 1339 448 1406 omnibus
473 1341 598 1406 Latinis
623 1341 758 1422 intelligi
780 1347 957 1424 nequeunt.

731 1554 749 1637 ξ
773 1554 804 1618 3.

389 1699 431 1767 lle
455 1698 566 1806 Itonia*
581 1699 743 1767 feriarum
768 1698 961 1766 latinarum
986 1699 1150 1785 praeside.

296 1871 437 1941 Romani
480 1895 559 1940 num
600 1875 710 1958 paullo
755 1881 831 1958 post
872 1875 991 1940 Albam
1033 1876 1176 1941 dirutam
1217 1875 1306 1942 feriis

230 1977 354 2042 Latinis
398 1979 640 2059 praesederint,
683 1979 815 2042 decerni
858 1998 925 2043 non
959 1984 1084 2059 potest,
1126 1999 1201 2043 cum
1240 1980 1305 2044 hac

230 2080 270 2144 de
304 2099 340 2144 re
377 2081 457 2144 nihil
496 2081 576 2145 certi
614 2081 769 2144 traditum
805 2081 856 2145 sit.
906 2079 986 2144 lllud
1018 2085 1131 2144 tamen
1168 2086 1305 2146 conten-

231 2183 308 2246 dere
332 2201 398 2247 non
423 2181 536 2247 dubito
560 2183 729 2247 Romanos
754 2181 869 2247 Servio
893 2181 998 2247 Tullio
1021 2201 1109 2263 rege,
1134 2201 1210 2246 cum
1234 2202 1305 2248 om-

230 2283 326 2348 nibus
350 2284 435 2349 Latii
460 2284 586 2367 antiqui
617 2283 805 2348 civitatibus
840 2284 936 2364 longe
968 2283 1204 2349 antecellerent
1235 2285 1305 2366 opi-

227 2387 298 2467 bus,
324 2387 376 2450 bis
400 2387 614 2452 sollemnibus
636 2385 829 2469 praefuisse.
876 2387 927 2450 An
951 2407 1015 2470 quo
1039 2393 1186 2468 tempore
1211 2387 1303 2451 Livio

228 2493 363 2553 auctore
387 2485 422 2572 (1,
448 2487 504 2573 40)
528 2489 662 2554 Latinos
686 2489 907 2570 perpulerunt,
939 2495 975 2552 ut
998 2507 1113 2553 secum
1137 2489 1171 2552 in
1193 2488 1303 2554 Aven-

228 2591 296 2654 tino
320 2591 478 2670 templum
503 2591 629 2654 Dianae
653 2591 877 2668 aedificarent,
915 2609 989 2653 cum
1015 2591 1078 2670 ipsi
1112 2591 1164 2653 his
1194 2590 1302 2654 sacris

228 2691 463 2771 praesiderent,
489 2693 643 2773 cuiquam
665 2690 721 2755 alii
746 2710 912 2756 summum
935 2691 969 2754 in
994 2690 1083 2755 l'eriis
1101 2690 1225 2754 Latinis
1249 2709 1302 2754 ar-

229 2791 362 2856 bitrium
391 2793 603 2858 moderandis
632 2813 689 2858 ees
720 2793 911 2874 permisisse
934 2791 1150 2875 putabimus?
1197 2792 1302 2857 Immo

228 2895 281 2961 bic
306 2897 531 2962 Romanorum
560 2897 764 2980 principatus
801 2917 821 2961 a
855 2896 1034 2978 Tarquinio
1070 2893 1219 2978 Superbo
1254 2894 1302 2958 ita

227 2998 315 3063 nullo
339 2999 514 3065 resistente
543 2999 762 3080 obtinebatur,
796 3006 831 3064 ut
854 3000 882 3064 is
909 2998 1007 3063 serias
1040 2998 1092 3063 vel
1120 2997 1303 3062 instituisse

227 3117 248 3162 a
283 3101 424 3181 posteris
456 3101 652 3167 crederetur.
701 3101 834 3166 Exactis
867 3105 978 3164 autem
1005 3099 1145 3180 regibus,
1186 3118 1303 3182 quam-

227 3219 326 3282 quam
361 3207 494 3283 propter
530 3203 721 3267 Latinorum
757 3209 873 3267 contra
901 3202 1070 3265 Romanos
1105 3200 1301 3265 seditionem

228 3321 285 3369 eas
320 3304 526 3371 intermissas
558 3325 633 3372 csse
656 3304 827 3388 probabile
862 3305 999 3385 videtur,
1038 3303 1168 3368 lbedere
1193 3301 1302 3369 Cassii

227 3407 361 3472 Latinas
385 3409 536 3473 edicendi
569 3409 827 3492 moderandique
859 3406 1050 3472 lacultatem
1074 3405 1114 3470 iis
1137 3405 1300 3470 redditam

227 3527 301 3574 esse
325 3511 535 3575 statuendum
561 3508 659 3596 eall).
686 3513 809 3576 Postea
832 3529 911 3575 vero
936 3509 1060 3573 Latinis
1076 3512 1209 3589 propter
1230 3527 1302 3572 ma·

284 3665 303 3736 ¹)
322 3665 393 3721 Plin.
413 3665 440 3720 l1.
459 3684 485 3720 n.
506 3667 553 3729 ΙΙΙ,
582 3669 607 3731 9,
626 3669 676 3731 68;
705 3667 740 3720 cf.
770 3667 817 3732 ΙΙΙ,
839 3667 880 3730 17,
912 3667 962 3721 106
991 3667 1020 3719 et
1046 3663 1135 3719 Strab.
1164 3663 1198 3727 V,
1230 3664 1301 3731 240;

225 3752 322 3820 postea
340 3749 485 3804 curiatiis
503 3749 638 3805 interesse
655 3751 727 3806 Alba
745 3749 867 3814 desierit,
893 3751 1064 3820 compertum
1082 3766 1137 3802 non
1156 3746 1298 3812 habemus,

225 3833 378 3899 eedtemen,
402 3833 475 3904 quod
494 3834 523 3888 in
543 3851 576 3888 ea
593 3835 680 3890 Marsi
699 3834 818 3890 maiores
837 3851 903 3905 opes
922 3832 1015 3904 adepti
1033 3834 1135 3891 essent.
1154 3831 1301 3901 magistra·

226 3921 279 3982 tue,
299 3917 346 3987 qui
365 3936 476 3973 carnem
494 3919 660 3990 acciperent,
679 3938 734 3974 non
753 3919 873 3990 emplius
891 3919 992 3972 missos
1011 3933 1073 3971 esee
1091 3916 1151 3970 iure
1164 3915 1300 3988 suspicari

211 3999 294 4054 mihi
313 4000 416 4054 videor.
436 4001 514 4064 Quod
533 4020 596 4056 cum
615 4003 735 4071 fugisset
753 4002 883 4066 Plinium,
903 4019 964 4054 eam
984 3999 1055 4053 dixit
1072 3998 1210 4052 interisse.

281 4083 303 4154 ²)
320 4086 393 4154 quod
412 4088 506 4140 autern
525 4085 677 4156 Dionysius
696 4086 744 4150 Vl,
763 4088 798 4142 95
826 4086 955 4138 senatum
982 4085 1042 4137 turn
1068 4082 1223 4136 Romanum
1251 4098 1302 4135 suo

227 4167 340 4223 arbitrio
358 4168 473 4224 tertium
492 4168 564 4224 diem
584 4169 724 4224 addidisse
742 4168 836 4232 tradit,
862 4167 935 4237 quod
954 4165 979 4220 ie
997 4165 1083 4220 ferias
1101 4164 1216 4219 Latinas
1239 4181 1301 4218 curn

227 4251 300 4307 ludis
318 4252 423 4326 plebeis
442 4252 587 4308 confundit
604 4253 651 4324 (cl.
671 4269 733 4324 pag.
754 4252 811 4322 23),
831 4250 899 4306 nihil
919 4249 944 4304 ei
964 4248 1026 4304 iidei
1046 4251 1091 4304 eet
1107 4248 1271 4304 babendum.

1178 4357 1194 4410 2
