3158 5116
247 659 318 722 cari
341 657 603 722 iurisdictionem
617 655 640 740 ¹)
664 675 731 720 non
755 655 819 719 nisi
843 655 883 719 de
905 654 1043 736 privatis
1068 654 1179 718 causis
1203 655 1321 718 diiudi-

248 758 365 823 candis
388 763 590 839 usurpantur
599 751 633 839 ²).
669 755 783 837 Neque
807 755 904 836 igitur
928 753 1105 834 Capitolini
1128 753 1231 818 verba
1254 754 1323 818 An-

247 859 352 926 tonini
364 857 556 940 Philosophi
579 857 667 922 vitae
691 876 764 939 cap.
789 855 827 922 4:
853 855 1051 938 ,praefectus
1076 853 1235 920 feriarum
1258 855 1321 921 La*

248 964 392 1028 tinarum
417 960 484 1027 luit.
507 961 542 1026 in
565 980 629 1043 quo
653 960 779 1026 honore
802 959 1070 1042 praeclarissime
1094 977 1131 1024 se
1161 979 1221 1040 pro
1250 979 1322 1024 ma·

248 1062 440 1147 gistratibus
464 1067 616 1146 agentem
641 1061 794 1129 ostendit'
819 1063 867 1127 ila
890 1061 1139 1144 interpretanda
1162 1068 1249 1143 sunt,
1285 1069 1322 1128 ut

248 1168 396 1234 omnium
414 1167 677 1249 magistratuum,
703 1166 758 1248 qui
788 1165 912 1231 iudicia
943 1169 1146 1245 exercerent,
1179 1185 1320 1232 munera

249 1271 454 1354 praestitisse
477 1269 682 1354 praefectum
706 1275 869 1352 putemus.
894 1269 999 1334 lmmo
1022 1287 1101 1336 vero
1132 1269 1166 1333 in
1190 1269 1322 1335 iurisdi-

250 1376 359 1442 ctione
382 1374 591 1458 potissimum
614 1371 820 1456 praefectum
844 1377 1012 1438 versatum
1041 1389 1116 1437 esse
1146 1389 1186 1438 eo
1218 1392 1321 1456 appa-

249 1483 309 1556 ret,
333 1477 421 1560 quod
444 1477 478 1540 in
500 1475 593 1541 titulo
618 1475 654 1540 C.
679 1477 705 1540 Ῑ.
730 1475 764 1539 L.
789 1475 825 1556 ΙΙ,
851 1474 938 1540 3837
962 1474 1013 1538 vel
1034 1473 1223 1556 praefectus
1247 1474 1320 1540 urbi

238 1579 313 1654 ¹iuri
337 1578 478 1644 dicundo
502 1577 694 1660 appellatur.

316 1771 520 1852 Adiungalur
536 1769 640 1836 series
663 1767 918 1853 praefectorum,
943 1788 1082 1852 quorum
1097 1769 1234 1835 nomina
1250 1789 1320 1836 mo·

251 1875 416 1940 numentis
432 1879 565 1940 servata
589 1877 675 1938 sunt.

316 1977 423 2060 Atque
446 1979 582 2060 primus,
607 1977 701 2042 cuius
725 1993 847 2042 nomen
863 1981 912 2040 est
929 1975 1097 2057 traditum,
1116 1974 1320 2061 Octavianus¹

249 2081 285 2145 in
317 2081 447 2146 Nicolai
481 2081 684 2146 Damasceni
713 2079 803 2144 vitae
836 2078 992 2144 Caesaris
1028 2098 1056 2143 c.
1089 2077 1109 2142 5
1145 2079 1319 2145 invenitur.

251 2183 353 2249 Cuius
376 2181 596 2265 praefectura,
621 2201 696 2247 cum
720 2187 796 2264 post
818 2185 931 2262 togam
954 2181 1083 2245 virilem
1108 2179 1318 2268 sumptam'),

251 2287 311 2352 sed
340 2291 418 2352 ante
449 2287 602 2352 Caesaris
632 2287 666 2350 in
696 2285 825 2350 ltaliam
855 2284 997 2350 reditum
1032 2289 1212 2351 auctumno
1241 2287 1321 2352 anni

251 2389 315 2454 707
347 2408 378 2454 u.
413 2409 441 2454 c.
473 2409 494 2454 a
524 2388 663 2454 Nicolao
692 2391 981 2470 commemoretur,
1017 2407 1105 2455 anno
1137 2389 1202 2454 707
1233 2409 1264 2455 u.
1291 2409 1319 2455 c.

249 2491 424 2557 tribuenda
448 2498 507 2557 est.
655 2495 656 2499 ’

316 2594 440 2659 Deinde
463 2594 619 2674 Drusum,
645 2593 834 2659 Germanici
859 2593 970 2672 lilium,
1005 2612 1094 2658 anno
1117 2593 1160 2657 25
1184 2613 1215 2676 p.
1242 2595 1319 2660 Chr.

249 2713 280 2758 n.
305 2693 511 2776 praefectum
534 2695 625 2759 urbis
650 2693 752 2758 fuisse
783 2699 815 2758 et
847 2694 981 2758 Tacitus
1012 2694 1046 2756 in
1077 2713 1154 2758 ann.
1179 2695 1199 2758 l.
1224 2696 1268 2761 IV
1291 2718 1319 2762 c.

249 2795 292 2860 36
316 2801 350 2860 et
372 2797 436 2862 duo
460 2796 545 2861 tituli
569 2797 603 2860 in
629 2795 736 2862 Gallia
759 2792 915 2880 reperti⁴l
944 2793 1157 2882 testantur⁵);
1194 2816 1319 2864 annum

249 2898 381 2980 quidem
406 2918 424 2964 e
448 2899 520 2966 solo
544 2901 659 2966 Tacito
684 2900 851 2964 discimus.

314 3001 349 3065 ln
373 3001 467 3067 titulo
491 3001 527 3067 C.
553 3003 574 3067 l.
600 3002 633 3067 L.
659 3002 696 3084 ll,
721 3002 808 3066 3837
833 3002 967 3068 Paullus
983 3001 1144 3068 Aemilius
1163 3003 1319 3086 Regillus,

250 3105 350 3170 homo
374 3105 506 3171 aliunde
530 3126 597 3172 non
620 3112 728 3186 notae,
754 3107 809 3188 qui
833 3107 920 3170 idem
937 3105 1059 3170 Tiberii
1074 3113 1231 3190 quaestor
1249 3107 1319 3191 fuit,

247 3205 435 3288 praefectus
459 3207 532 3273 urbi
556 3210 618 3274 iuri
642 3209 784 3274 dicundo
798 3209 997 3274 nominatur.
1023 3208 1115 3288 Quae
1131 3210 1319 3291 appellati0,

249 3328 449 3392 quamquam
474 3311 667 3377 insolentior
691 3317 751 3393 est,
784 3330 851 3376 non
879 3310 943 3375 nisi
967 3311 1008 3376 dc
1031 3309 1203 3392 praefecto
1228 3312 1319 3378 urbis

250 3410 407 3477 feriarum
431 3413 621 3479 Latinarum
655 3434 758 3480 cansa
794 3413 909 3479 relicto
945 3414 1053 3497 accipi
1088 3419 1207 3497 potest,
1243 3435 1320 3481 eum

248 3521 448 3596 quaesturae
471 3519 650 3600 praecedat
674 3518 789 3600 Regilli
813 3516 1011 3602 profectura.

307 3699 325 3770 ¹)
343 3701 466 3774 Ponrpon
483 3701 501 3756 l.
521 3701 543 3766 l;
563 3702 628 3756 Tac.
647 3701 718 3758 Arm.
738 3702 786 3767 Vl,
807 3703 853 3766 11;
873 3701 945 3755 Suet.
967 3700 1031 3755 Ner.
1051 3705 1076 3758 7.

305 3783 327 3856 ²)
348 3787 382 3841 cf.
403 3787 526 3842 Puclrtae
544 3787 752 3842 institutionum
766 3787 822 3842 vol.
841 3789 854 3841 Ι
872 3806 899 3858 p.
918 3787 979 3844 428.

304 3870 325 3942 ³)
344 3871 396 3926 sub
415 3872 499 3926 finem
518 3871 584 3927 anni
603 3875 655 3929 706
673 3891 700 3928 ιι.
720 3891 743 3927 c.

303 3956 326 4023 ⁴)
344 3956 463 4011 alterum
477 3975 572 4012 eorum
590 3957 758 4028 Burdigalae
777 3960 916 4029 repertum
934 3957 1061 4014 invenies
1080 3957 1109 4012 in
1129 3958 1320 4030 ,inscriptions

251 4040 285 4094 da
304 4041 458 4095 Bordeaux’
477 4060 539 4112 pag.
558 4045 602 4107 91,
639 4043 710 4096 altar
729 4041 862 4096 Nemausi
889 4041 918 4095 in
947 4041 1008 4096 basi
1036 4042 1121 4097 Drusi
1148 4047 1260 4098 statuae
1278 4061 1319 4098 re·

249 4126 345 4194 pertus
361 4127 440 4178 extat
464 4125 493 4178 in
511 4144 597 4180 revue
616 4125 757 4196 epigraplr.
779 4127 844 4181 1881
866 4144 892 4195 p.
912 4128 964 4180 249
984 4128 1013 4179 el
1036 4126 1065 4179 C.
1078 4127 1104 4179 J.
1125 4126 1154 4179 L.
1167 4127 1318 4190 xrisma

305 4207 326 4278 Ι)
344 4209 412 4263 haec
430 4211 604 4280 praefectura
622 4208 715 4264 nescio
734 4226 770 4264 an
797 4209 882 4264 etiam
908 4208 937 4263 0.
965 4210 986 4263 I.
1005 4209 1036 4265 L.
1061 4210 1109 4274 XI,
1136 4211 1235 4272 2965,ss
1264 4227 1319 4264 me·

248 4294 385 4357 moretum
406 4293 440 4347 nd
459 4293 579 4349 Drusum
598 4293 698 4350 titulus
716 4312 825 4365 quoque
843 4293 879 4350 ib.
899 4295 969 4351 3607
989 4296 1105 4366 spectat.
