3158 5116
768 483 803 538 25

248 647 269 690 a
284 627 443 690 Romanis
467 627 651 710 institutum
677 622 761 710 est1)
785 628 873 708 quod
896 645 985 690 anno
1002 643 1131 708 quoque
1147 625 1214 689 408
1230 644 1262 687 ιι.
1288 630 1316 686 c'.

246 728 403 810 prodigiis
427 729 558 793 territos
583 746 640 793 eos
665 727 885 793 celebravisse
911 727 1019 792 Livius
1042 726 1112 804 VII,
1138 725 1181 790 28
1203 725 1313 790 tradit.

316 829 411 909 Quod
451 835 563 895 autem
603 829 788 912 priscorum
820 829 1011 894 Latinorum
1040 828 1162 892 ducum
1193 843 1320 891 morem

247 933 352 997 secuti
388 933 605 1014 imperatores
640 933 876 1012 Romanorum,
913 930 1031 1014 quibus
1065 929 1251 1012 triumphus
1286 929 1320 992 in

247 1033 328 1099 urbe
351 1054 418 1100 non
442 1042 514 1100 erat
537 1054 728 1116 concessae,
753 1036 787 1099 in
811 1040 959 1100 montem
982 1033 1147 1098 Albanum
1169 1033 1212 1097 ad
1228 1031 1319 1097 Jovis

247 1139 404 1222 templum
428 1144 461 1205 et
483 1139 697 1205 simulacrum
722 1159 797 1205 eum
822 1157 920 1220 agere
937 1137 1090 1204 solebant
1099 1133 1124 1223 ²)
1142 1141 1173 1202 et
1191 1135 1318 1202 Caesar

249 1261 337 1308 anno
371 1242 437 1307 710
459 1263 491 1308 u.
516 1264 544 1308 o.
576 1242 765 1326 ovationem
801 1241 877 1307 inde
915 1237 1023 1326 egit³),
1060 1241 1176 1306 eodem
1212 1256 1318 1321 paene

248 1352 347 1430 atque
381 1346 603 1430 Capitolinum
640 1346 729 1412 cultu
765 1352 798 1411 et
829 1345 955 1412 honore
983 1365 1080 1411 usum
1105 1362 1179 1410 esse
1202 1343 1319 1409 lovem

247 1449 413 1514 Latiarem
441 1451 594 1515 ostendit.
664 1438 667 1444 ’

315 1549 432 1617 Cicero
455 1571 553 1632 porro
576 1571 636 1634 pro
659 1551 724 1616 Mil.
750 1548 849 1630 3135
873 1555 993 1616 testem
1017 1555 1050 1615 et
1064 1549 1229 1614 vindicem
1245 1565 1320 1614 sce-

175 1641 176 1644 *
248 1653 352 1719 lerum
376 1673 397 1718 a
421 1652 536 1720 Clodio
561 1655 815 1720 commissorum
840 1672 916 1719 eum
940 1652 1100 1735 appellat:
1135 1658 1246 1734 ,tuque
1279 1667 1321 1714 ex

247 1763 304 1823 tuo
328 1757 415 1822 edito
441 1761 562 1837 monte,
588 1757 729 1822 Latiaris
754 1762 871 1822 sancte
895 1757 1052 1838 iuppiter,
1078 1755 1172 1820 cuius
1196 1753 1250 1818 ille
1271 1752 1321 1816 la-

248 1879 317 1940 cus,
342 1879 480 1925 nemora
504 1860 642 1943 finisque
665 1879 767 1942 saepe
791 1861 882 1926 omni
906 1859 1033 1925 nefario
1057 1863 1171 1941 stupro
1195 1863 1228 1923 et
1246 1874 1320 1922 sce-

247 1963 314 2028 lere
344 1962 550 2029 macularat’.
599 1963 722 2028 ansar
750 1969 862 2028 autem
890 1963 1069 2029 aLucano
1093 1958 1226 2044 (Phars.
1252 1959 1264 2024 l
1288 1979 1319 2022 v.

250 2064 334 2149 194)
358 2065 474 2130 lovem
498 2067 664 2131 Latiarem
690 2085 833 2132 exorans
860 2066 1034 2146 inducitur,
1051 2069 1088 2130 ut
1103 2063 1166 2129 sibi
1183 2063 1217 2127 in
1231 2061 1318 2127 bello

248 2188 324 2232 oum
348 2168 505 2250 Pompeio
529 2169 672 2250 gerendo
698 2167 817 2234 faveat.
865 2169 1009 2234 Maxime
1037 2172 1149 2232 autem
1174 2183 1320 2231 commc-

250 2271 434 2337 moratione
459 2271 591 2353 dignum
616 2279 675 2352 est,
700 2273 788 2354 quod
812 2270 961 2353 Caligula
986 2276 1019 2336 et
1034 2271 1105 2352 ipse
1122 2269 1238 2334 Jovem
1256 2266 1319 2332 La-

247 2374 366 2438 tiarem
390 2392 427 2440 se
450 2371 664 2456 nominavit⁴)
694 2379 727 2439 et
758 2375 803 2440 ita
836 2395 857 2439 a
889 2374 1055 2440 nonnullis
1089 2370 1316 2438 consalutatus

248 2472 335 2561 esu).
371 2476 443 2542 Duo
459 2482 632 2558 praeterea
654 2476 739 2542 tituli
756 2478 993 2560 imperatorum
1015 2475 1219 2558 temporibus
1240 2492 1319 2540 exa-

247 2579 310 2644 rati
321 2573 347 2662 6)
383 2579 456 2643 aliis
492 2597 621 2662 quoque
654 2579 835 2644 honoribus
871 2599 971 2661 quam
1007 2578 1125 2661 quibus
1162 2576 1318 2642 feriarum

248 2681 362 2746 diebus
379 2680 541 2761 utebatur,
566 2681 681 2747 Jovem
699 2682 864 2746 Latiarem
881 2680 1038 2746 allectum
1053 2699 1127 2746 esse
1144 2684 1316 2744 testantur.

248 2784 393 2862 Quorum
417 2783 522 2848 allero
550 2781 657 2866 (num.
684 2783 784 2868 1247)
811 2783 917 2848 Albae
949 2782 1071 2848 ellosso
1101 2788 1169 2847 tres
1198 2781 1318 2844 milites

248 2891 281 2950 et
303 2885 460 2950 sacerdos
484 2886 617 2968 quidam
634 2885 706 2951 Jovi
723 2885 846 2950 Latiari
863 2885 1070 2967 imperatoris
1088 2877 1316 2967 Caracallae')

248 2989 473 3053 conservatori
502 2987 640 3052 lustrum
668 3007 705 3053 se
737 2987 846 3053 lacere
877 2993 1050 3068 testantur,
1083 2987 1166 3052 alter
1189 2985 1318 3050 Pisauri

224 3094 395 3171 ‚repertus
420 3090 562 3156 cultores
597 3091 688 3156 lovis
724 3091 807 3155 Latii
843 3095 1093 3170 commemorat,
1132 3109 1214 3172 quos
1250 3108 1317 3152 non

304 3323 324 3394 ¹)
343 3323 402 3378 Liv.
421 3325 442 3389 1,
461 3326 505 3380 31.

302 3410 325 3474 ²)
343 3408 422 3464 velut
439 3407 567 3479 Papirius
585 3410 663 3464 Maso
682 3408 723 3479 (O.
743 3409 764 3463 Ι.
783 3408 813 3462 L.
832 3409 855 3473 1,
874 3425 900 3478 p.
920 3409 973 3464 458
993 3411 1022 3462 el
1038 3407 1110 3462 Plin.
1136 3407 1163 3463 h.
1189 3410 1248 3462 nab.
1281 3411 1321 3472 15,

250 3494 321 3564 126),
341 3492 473 3548 Claudius
491 3493 642 3548 Marcellus
660 3493 743 3564 (Plul.
759 3495 846 3549 Marc.
866 3494 920 3564 22),
941 3495 970 3549 (l.
991 3493 1132 3550 Cicereius
1161 3493 1239 3564 ((1.1.
1258 3493 1289 3547 L.
1309 3493 1321 3546 l

248 3595 274 3648 p.
293 3577 369 3648 459);
389 3578 424 3632 cf.
443 3576 569 3632 Servium
588 3578 623 3632 ad
641 3579 725 3648 Verg.
745 3578 813 3633 Aen.
833 3579 886 3634 Xll
905 3598 932 3633 v.
954 3581 1015 3636 135.

304 3660 620 3734 &QLLIpffiL

305 3747 328 3817 ⁴)
347 3748 382 3802 cl.
403 3746 480 3802 Cass.
500 3747 581 3802 Dion.
601 3749 643 3812 59,
663 3748 706 3804 28.

260 3891 263 3898 ,
303 3829 614 3901 ὓ)11.Βιιο1.()ιι1.22.

303 3914 325 3985 ⁸)
344 3934 413 3986 quoe
440 3915 567 3972 invenies
588 3916 622 3996 'in
650 3916 735 3972 Orell.
763 3921 792 3972 ct
819 3918 904 3972 Hanz.
933 3917 1040 3972 collect.
1068 3916 1151 3972 inser.
1179 3915 1223 3971 111.
1251 3918 1319 3972 1247

250 4003 376 4056 et'1415.

231 4093 236 4104 “
305 4083 324 4152 ²)
344 4083 513 4152 Cognomina
532 4083 667 4139 Arabicus
686 4083 880 4150 Adiabenicus,
909 4083 1009 4156 quibus
1035 4086 1176 4156 permotus
1201 4081 1322 4136 Orelliua

249 4169 322 4223 lmnc
340 4166 454 4222 tilulum
472 4167 597 4239 spurium
617 4185 679 4224 esse
697 4167 840 4235 iudicavit,
861 4169 1022 4225 caracallae
1045 4185 1128 4239 saepe
1153 4165 1322 4228 tribuuntur,

250 4253 285 4309 ci.
305 4253 334 4309 G.
355 4253 374 4308 1.
394 4253 423 4308 L.
443 4253 464 4318 l,
485 4255 563 4319 1619,
583 4254 617 4319 Il,
637 4255 717 4320 2157,
737 4254 786 4319 lll,
805 4257 884 4320 4371,
905 4255 952 4320 lv,
972 4256 1051 4312 6829.
