3158 5116
746 485 781 539 23

225 649 313 710 pore,
344 623 385 694 de
417 647 482 711 quo
516 628 626 692 Livius
655 629 731 709 agit,
767 628 892 692 Latinis
916 629 1102 694 destinatos
1124 629 1227 694 fuisse
1250 629 1300 694 in-

224 730 409 810 telligimus.
458 731 562 808 Quem
585 747 770 808 numerum,
802 730 830 793 si
855 748 920 810 qua
944 729 1102 809 religione
1126 735 1159 793 et
1183 730 1297 794 anxie-

224 837 293 897 tate
326 832 468 896 Romani
500 831 678 914 quicquam
711 831 745 894 in
773 829 871 894 rebus
905 830 1024 894 divinis
1049 836 1179 895 mutare
1202 831 1299 895 veriti

224 935 290 998 sint
314 939 346 998 et
370 939 498 998 ceteras
522 933 556 996 in
580 931 670 997 feriis
693 933 902 1014 potissimum
933 932 1058 996 Latinis
1091 931 1299 996 celebrandis

226 1037 433 1102 ceremonias
457 1035 661 1100 servaverint
685 1039 886 1116 reputamus,
922 1053 981 1116 per
1011 1035 1188 1116 plurimum
1218 1039 1300 1099 tem-

224 1139 313 1221 poris
337 1139 481 1222 spatium
504 1138 663 1202 usitatum
688 1143 787 1220 atque
803 1138 904 1202 etiam
919 1137 990 1219 lege
1006 1137 1172 1202 sancitum
1197 1135 1299 1202 fuisse
1343 1131 1346 1139 ’

225 1263 291 1308 σου
314 1263 491 1325 possumus
516 1262 582 1326 non
611 1241 774 1307 arbitrari.
822 1242 1031 1325 Quamquam
1060 1241 1299 1325 antiquissimis

225 1345 426 1428 temporibus
450 1351 518 1410 tres
543 1345 734 1410 Latinarum
764 1345 834 1410 dies
863 1343 965 1410 luisse
992 1365 1060 1410 non
1092 1344 1298 1424 crediderim,

226 1469 300 1514 cum
334 1449 401 1513 ludi
436 1467 565 1531 quoque
601 1447 742 1513 Romani
776 1453 809 1512 et
837 1447 943 1529 plebei
979 1448 1073 1512 initio
1104 1447 1299 1530 pauciorum

157 1633 158 1636 η
225 1556 351 1621 dierum
376 1554 495 1620 luerint
519 1575 619 1638 quam
642 1559 769 1636 postea.

292 1659 373 1723 Livii
402 1659 456 1723 ille
486 1658 579 1723 locus
611 1677 678 1723 non
706 1657 838 1722 iuvatur
861 1657 1010 1741 Dionysii
1034 1657 1226 1722 narratione
1241 1655 1295 1736 Vl,

225 1759 281 1825 95:
311 1759 526 1842 ,ἐψηφίσαντο
560 1759 593 1819 δὲ
616 1757 671 1819 καί
707 1763 828 1830 θυσίας
859 1754 1033 1819 αἀοιλοῦναι
1062 1766 1129 1830 τοῖς
1159 1763 1243 1830 {lactc
1277 1754 1297 1837 η

224 1860 322 1940 βουλή
348 1860 579 1941 χαριστηρίους
607 1857 660 1920 ἐπί
689 1866 761 1930 ταῖς
790 1857 868 1936 σριῖς
891 1859 943 1917 τὸν
966 1857 1066 1936 δῆμον
1095 1856 1299 1936 διαλλαγαῖς,

225 1966 398 2039 προςθιῖσα
419 1957 497 2035 μίαν
518 1957 641 2040 ἡμέραν
668 1965 739 2031 ταῖς
761 1957 972 2032 καλουμέναις
990 1957 1149 2028 Λατίναις
1173 1951 1300 2036 ἑορταῖς

226 2057 314 2120 dcclv
337 2049 457 2133 οὔσαις,
482 2059 537 2139 την
549 2057 608 2134 μὲν
621 2056 751 2136 πρώτην
773 2054 1005 2135 α’νιιρώσαντσς
1026 2054 1188 2134 βασιλέως
1214 2058 1299 2137 Ταρ-

226 2157 334 2220 κυνίου
351 2155 425 2218 καθ’
447 2152 483 2220 ὃν
501 2156 613 2239 χρόνον
635 2155 756 2240 ἐνίκησε
782 2153 961 2240 Τνῤῥηνσιίς
979 2177 986 2193 ·
1003 2156 1059 2232 τη“ν
1081 2151 1223 2236 δ’ἓτὲραν
1244 2157 1300 2218 τοῦ

227 2256 326 2338 δήμου
354 2259 556 2341 προσθέντος,
594 2253 644 2320 ὅτι
677 2260 749 2332 τοῦς
776 2261 923 2336 βασιλιῖς
953 2257 1098 2336 ἐκβαλών
1128 2255 1301 2337 ἐλιυθὲραν

226 2358 352 2438 ἐποίησε
385 2357 441 2438 την
469 2357 590 2421 πόλιν·
620 2352 672 2433 αἶς
701 2355 720 2441 ἦ
753 2357 844 2438 τρίτη
883 2354 950 2446 τότε
980 2353 1202 2438 προσινηαὴθη
1245 2358 1301 2438 τῆς

226 2457 372 2522 καθόλου
384 2457 447 2519 τῶν
458 2454 661 2522 ἁαοστὰνιων
674 2455 773 2522 ἕνεκα
788 2456 821 2546 1).
849 2460 956 2540 Quam
969 2460 1195 2525 narrationem
1207 2460 1297 2524 omni

228 2579 269 2624 ex
291 2566 384 2642 parte
409 2559 527 2626 salsam
553 2580 627 2628 esse
652 2569 800 2644 constat3
825 2584 905 2628 nam
922 2569 954 2629 et
971 2561 1073 2628 feriae
1090 2563 1180 2644 prius
1197 2581 1297 2644 quam

229 2662 404 2745 Dionysius
427 2663 528 2728 tradit
551 2665 720 2731 institutae
744 2672 820 2731 sunt
844 2684 906 2732 nec
931 2667 1100 2746 Romanis,
1130 2665 1185 2748 qui
1209 2664 1296 2729 bello

225 2765 315 2845 gravi
338 2765 472 2829 vixdum
496 2765 648 2832 conlecto
672 2787 748 2832 cum
773 2767 896 2832 Latinis
921 2765 1038 2834 foedus
1057 2785 1198 2850 aequum
1216 2766 1299 2830 inie-

226 2873 311 2948 rant,
335 2873 430 2932 tanta
454 2874 523 2932 tum
548 2875 620 2934 erat
643 2871 835 2950 auctoritas,
860 2875 895 2935 nt
919 2871 1029 2936 invitis
1053 2871 1172 2936 celeris
1192 2889 1296 2951 popu-

226 2970 265 3035 lis
293 2991 354 3036 suo
387 2971 523 3038 arbitrio
553 2974 629 3038 novi
660 2974 737 3056 quid
767 2975 807 3038 de
832 2973 922 3039 feriis
946 2976 1172 3053 decernerent,
1198 2977 1298 3055 atque

225 3073 312 3154 quod
336 3072 460 3138 aediles
484 3074 653 3140 Romanos
678 3075 767 3141 seriis
782 3075 966 3157 praefuisse
979 3077 1080 3154 addit,
1105 3081 1209 3141 totam
1226 3093 1296 3139 rem

226 3194 302 3239 eum
326 3194 402 3239 cum
426 3175 510 3240 ludis
533 3177 658 3257 plebeis
683 3177 885 3243 confundere
909 3178 1053 3243 ostendit
1062 3174 1096 3261 ²).

290 3277 393 3342 Plane
417 3296 495 3342 vero
520 3279 707 3360 Plutarcho,
733 3281 788 3363 qui
812 3281 846 3344 in
869 3281 957 3346 vitae
990 3278 1120 3345 Camilli
1151 3298 1224 3360 cap.
1254 3277 1298 3341 42

225 3400 313 3446 anno
346 3379 410 3445 388
441 3401 472 3446 n.
505 3402 533 3448 o.
565 3383 717 3448 ordinum
752 3383 930 3448 concordia
958 3383 1110 3448 restituta
1143 3387 1297 3465 quartum

226 3481 314 3547 seriis
343 3483 430 3548 diem
459 3484 607 3550 additum
631 3504 706 3550 esse
730 3493 854 3566 narrat,
886 3484 1100 3550 diffidendum
1124 3489 1184 3563 est,
1221 3503 1297 3546 cum

225 3604 291 3648 non
315 3584 422 3650 solum
447 3585 546 3651 terias
571 3588 707 3652 Latinas
732 3607 808 3652 cum
832 3587 917 3652 ludis
946 3586 1070 3668 plebeis
1095 3591 1153 3651 aut
1175 3585 1299 3650 Roma-

224 3681 308 3771 nls³)
338 3686 391 3752 ille
416 3685 607 3770 confundat,
632 3690 691 3754 sed
716 3691 816 3756 etiam
842 3710 930 3756 anno
960 3687 1026 3754 388
1053 3709 1084 3752 u.
1117 3707 1145 3753 c.
1175 3687 1300 3752 Roma-

225 3809 285 3854 nos
314 3789 401 3856 bello
436 3811 511 3854 cum
545 3792 624 3874 ipsis
654 3792 778 3858 Latinis
811 3793 955 3874 gerendo
986 3795 1167 3874 occupatos
1195 3787 1300 3854 luisse

226 3897 364 3958 constet.

282 4088 302 4158 ¹)
321 4107 392 4144 anno
412 4092 463 4146 261
483 4109 510 4145 u.
530 4109 553 4145 c.

283 4172 304 4243 ²)
324 4175 358 4230 cf.
378 4174 514 4246 Schwegl.
533 4175 598 4232 hist.
618 4175 651 4230 R.
667 4176 690 4230 Il
711 4195 737 4248 p.
758 4177 810 4233 232
830 4194 893 4232 ann.
914 4180 939 4235 5.

284 4259 305 4330 ⁸)
326 4261 357 4314 ut
375 4260 437 4315 vult
455 4261 643 4316 Mommsenus
661 4261 688 4316 lr.
708 4261 740 4317 R.
760 4262 772 4316 l
791 4281 817 4334 p.
836 4263 889 4320 456
902 4280 965 4318 σου.
