3158 5116
724 865 797 948 ss.

503 1033 543 1098 be
568 1029 760 1097 Latinarum
785 1028 1026 1100 celebratione..

296 1242 438 1322 Latinae,
475 1242 538 1308 nisi
566 1261 632 1324 pax
667 1247 699 1307 et
728 1242 842 1322 otium,
886 1237 1039 1320 ἐκεχειρία
1066 1241 1192 1301 πάντων
1219 1239 1300 1324 πρός

227 1341 361 1428 πάντας,
384 1349 420 1409 ut
442 1345 589 1429 Dionysii
612 1343 723 1412 verbis
734 1343 757 1429 ¹)
781 1348 865 1426 utar,
897 1348 964 1410 toto
988 1343 1081 1409 Latio
1109 1349 1208 1426 esset,
1247 1344 1301 1427 agi

227 1469 293 1514 non
323 1449 470 1532 potuisse
501 1468 536 1514 re
565 1450 638 1532 ipsa
668 1454 815 1532 apparet.
863 1447 945 1513 lllud
978 1447 1049 1529 lege
1080 1454 1113 1514 et
1142 1447 1299 1530 religione

229 1556 362 1617 cautum
386 1550 489 1618 luisse
513 1552 701 1618 Macrobius
725 1552 794 1620 Sat.
819 1552 841 1635 l,
869 1551 910 1616 16
934 1558 1087 1618 testatur:
1119 1551 1214 1634 ,Cum
1238 1552 1300 1617 La-

153 1673 154 1676 ’
229 1657 292 1721 tiar
322 1657 515 1739 concipitur,
544 1655 638 1724 neias
672 1661 722 1724 est
752 1657 912 1740 praelium
944 1675 1090 1724 sumere:
1130 1657 1207 1740 quie
1237 1675 1300 1722 nec

230 1759 419 1824 Latinarum
444 1766 601 1843 tempore,
626 1781 691 1844 quo
714 1759 845 1843 publice
862 1761 1029 1844 quondam
1046 1761 1199 1827 induciae
1215 1761 1301 1826 inter

184 1852 187 1859 ’
229 1862 384 1946 populum
416 1863 604 1929 Romanum
635 1863 835 1947 Latinosque
859 1863 1009 1929 firmatae
1033 1869 1119 1944 sunt,
1152 1863 1301 1929 inchoari

228 1966 349 2031 bellum
373 1966 534 2032 decebat.
550 2017 556 2030 .
572 1966 591 2030 .'
603 1963 637 2050 ⁹).
1121 2028 1125 2044 ,

294 2068 330 2131 ln
362 2070 492 2149 egregia
523 2070 713 2133 Latinarum
748 2069 979 2150 descriptione,
1015 2087 1101 2151 quae
1131 2073 1181 2133 est
1212 2067 1300 2150 apud

230 2170 421 2253 Dionysium
452 2171 505 2252 lV,
537 2171 590 2250 49,
622 2172 707 2237 duae
738 2170 946 2253 potissimum
969 2187 1023 2234 res
1047 2169 1319 2250 distinguuntur,

228 2266 341 2352 ἑορταί
358 2278 392 2338 et
418 2270 541 2337 θυσίαι.
566 2272 616 2339 Ac
639 2292 675 2338 re
698 2291 778 2338 vera
796 2292 818 2336 a
834 2272 952 2337 ceteris
969 2271 1159 2336 Latinarum
1174 2271 1299 2351 diebus,

229 2373 346 2456 quibus
378 2376 490 2442 omnia
519 2377 618 2458 plena
650 2383 746 2441 erant
775 2375 896 2457 gaudii,
928 2374 1166 2440 discernendus
1198 2375 1301 2439 estis

229 2477 309 2558 dies,
334 2497 398 2560 quo
422 2497 520 2543 sacra
543 2478 717 2544 sollemnia
732 2478 806 2543 Jovi
830 2477 953 2542 fiebant
973 2477 1087 2560 etqui,
1112 2495 1188 2541 cum
1204 2475 1301 2557 longe

228 2577 292 2643 illis
317 2580 501 2658 excelleret,
533 2586 664 2662 praeter
688 2585 817 2645 ceteros
842 2578 945 2643 festus
969 2579 1039 2643 dies
1065 2578 1255 2643 Latinarum
1280 2597 1302 2642 a

229 2677 357 2766 ilorci)
380 2687 519 2746 vocatus
544 2688 595 2747 est
617 2682 822 2764 proprieque,
848 2700 925 2746 cum
938 2680 1075 2745 Latinae
1099 2680 1139 2746 de
1159 2685 1228 2746 toto
1243 2675 1309 2744 tri?

229 2781 293 2848 duo
318 2783 452 2865 intelligi
476 2779 663 2868 solerent⁴),
686 2782 889 2849 aveteribus
911 2782 1127 2866 scriptoribus
1150 2783 1302 2849 nomina·

288 3023 307 3095 ¹)
327 3026 374 3090 lV,
393 3029 435 3082 49.

285 3108 306 3180 ²)
325 3110 453 3182 Dionysii
472 3111 548 3167 locos
567 3113 614 3178 lV,
633 3113 668 3168 49
688 3115 718 3167 et
736 3113 784 3176 Vl,
804 3115 838 3168 95
852 3111 1010 3166 Macrobius
1022 3111 1051 3166 in
1066 3110 1158 3166 animo
1170 3110 1302 3166 habuisse

231 3193 357 3260 videtur3
376 3213 465 3266 neque
483 3215 550 3251 vero
569 3196 681 3251 foedera
699 3197 835 3266 quaedam
853 3195 1003 3266 quotannis
1021 3195 1094 3250 inter
1115 3195 1255 3251 Romanos
1274 3199 1303 3251 et

232 3278 345 3334 Latinos
371 3279 505 3335 feriarum
533 3279 630 3335 diebus
658 3281 822 3336 confirmata
849 3297 911 3335 esee
938 3281 992 3335 lloc
1016 3299 1052 3335 ex
1079 3280 1139 3336 loco
1162 3279 1303 3335 Prellerus

232 3362 346 3433 mythol.
365 3363 443 3419 Rom.
461 3383 526 3436 pag.
548 3367 599 3422 188
618 3365 719 3420 elicere
738 3364 841 3430 debuit,
861 3383 924 3420 cum
949 3363 1109 3420 Macrobius
1131 3382 1186 3418 non
1212 3365 1302 3419 foede-

232 3464 300 3512 rum,
319 3448 368 3502 sed
386 3447 559 3504 induciarum
577 3449 663 3504 verbo
681 3467 749 3505 usus
767 3449 913 3519 sitneque
937 3451 1047 3520 pergat:
1076 3446 1234 3519 ,quotannis
1258 3447 1303 3502 lir-

232 3531 396 3598 mabantur’,
414 3534 477 3588 scd:
498 3535 644 3604 ,quondam
663 3534 789 3589 firmatae
807 3535 890 3588 sunt'.

287 3616 451 3685 bstdd

288 3697 310 3770 ⁴)
329 3699 357 3755 in
376 3703 508 3772 quantam
533 3705 627 3757 tamen
646 3700 768 3756 notionis
785 3699 982 3773 proprietatem
1001 3702 1113 3772 propter
1131 3698 1302 3769 singularem

233 3783 288 3840 diei
307 3785 373 3841 festi
391 3785 512 3858 speciem
531 3806 586 3842 vox
605 3786 766 3842 Latinarum
785 3785 893 3851 abierit,
915 3788 1078 3856 argumento
1103 3787 1171 3840 sunt
1193 3784 1249 3839 eie.
1269 3785 1304 3840 de

236 3888 292 3942 rep.
312 3871 333 3936 l,
352 3873 383 3926 9:
403 3869 519 3937 ,Latinis
537 3871 607 3944 ipsis
625 3889 707 3926 mane
726 3872 761 3926 ad
779 3888 824 3925 me
842 3869 921 3925 venit
939 3869 970 3934 Q.
990 3869 1116 3934 Tubero’,
1141 3867 1201 3923 biv.
1220 3870 1246 3934 8,
1268 3870 1299 3924 11

234 3958 392 4016 ,renovatur
410 3955 507 4010 foedus
525 3955 675 4026 quotannis
694 3957 758 4026 post
776 3954 849 4008 diem
870 3951 1198 4015 decimnanatinarum',
1210 3953 1254 4016 44,
1271 3954 1303 4007 19

234 4039 330 4109 ,pridie
348 4039 410 4094 idus
428 4038 538 4109 Apriles
557 4039 663 4094 Latinis
682 4057 744 4093 esse
763 4035 943 4092 constitutam
961 4036 1051 4101 diem’,
1064 4038 1108 4100 44,
1125 4037 1159 4090 22
1179 4033 1303 4100 ,Latinis

234 4139 304 4192 quae
322 4122 410 4194 pridie
428 4121 563 4177 kalendas
581 4121 691 4194 Apriles
709 4123 831 4186 fuerunt,
851 4121 880 4176 in
899 4123 993 4176 monte
1012 4119 1148 4174 sacrificio
1173 4117 1226 4172 rite
1244 4135 1303 4188 per·

233 4207 359 4277 petrato',
378 4209 469 4276 atque,
488 4205 560 4276 quod
572 4205 724 4261 maximum
738 4208 790 4272 est,
801 4205 830 4260 in
845 4204 927 4261 fastis
945 4222 1002 4260 vox
1021 4202 1154 4270 ,Latinae'
1174 4201 1245 4256 diem
1265 4201 1304 4256 ie·

234 4294 308 4347 stum
327 4292 428 4364 ubique
445 4291 593 4362 significat.
