3158 5116
794 497 829 552 26

279 643 472 710 sacerdotes
502 643 652 728 publicos
683 643 783 712 luisse
814 651 961 728 apparet,
997 647 1055 712 sed
1077 646 1222 712 virorum
1246 653 1345 730 atque

275 747 376 813 etiarn
401 747 576 814 mulierum
606 749 800 815 societatem
830 750 1008 834 quandam,
1045 769 1157 834 (quarn,
1192 757 1228 816 ut
1257 752 1345 816 bunc

276 851 374 918 deum
405 853 629 932 gratissimum
660 853 751 918 omni
774 872 839 936 quo
863 861 1000 936 possent
1021 854 1147 920 honore
1170 871 1346 937 proseque-

277 961 400 1035 rentur,
425 955 577 1020 inierant.

346 1073 393 1138 De
424 1075 515 1140 Jovis
546 1076 687 1141 Latiaris
715 1075 839 1158 templo
870 1076 1122 1142 accuratissime
1154 1075 1291 1140 Rossius
1315 1075 1346 1140 in

280 1176 389 1242 annal.
415 1179 446 1243 d.
471 1179 546 1246 inst.
570 1179 633 1244 vol.
658 1180 701 1244 45
725 1199 756 1262 p.
779 1177 821 1243 83
839 1198 908 1264 sqq.
934 1179 1044 1244 etvol.
1068 1177 1111 1243 48
1134 1199 1165 1262 p.
1191 1178 1257 1242 314
1277 1197 1345 1261 sqq.

280 1281 443 1347 disseruit.
468 1281 499 1348 ls
523 1283 608 1348 haec
631 1283 758 1348 statuit:
783 1281 942 1365 templum
966 1300 1045 1349 area
1067 1288 1139 1348 erat
1153 1283 1235 1347 satis
1252 1283 1348 1362 longa

281 1390 314 1448 et
346 1383 425 1466 lata,
466 1385 569 1450 muris
605 1385 759 1450 maximis
795 1384 1056 1469 firmissimisque
1090 1385 1279 1451 substructa
1317 1391 1351 1450 et

281 1493 407 1570 saepta,
437 1487 524 1552 intra
557 1507 655 1570 quarn
687 1507 746 1553 ara
778 1489 821 1554 ad
853 1489 1012 1554 orientem
1045 1507 1161 1556 versus
1195 1495 1349 1572 spectans

280 1588 391 1655 stabat
413 1596 446 1654 et
469 1591 569 1654 aedes
594 1591 769 1655 inediocris
793 1591 1037 1671 magnitudinis,
1063 1592 1154 1656 Jovis
1170 1593 1272 1656 aedes
1289 1591 1350 1655 La·

280 1692 373 1757 tiaris
381 1688 405 1776 ¹)
429 1711 505 1756 cum
527 1687 751 1777 simulacrot),
775 1699 907 1774 praeter
929 1712 1029 1776 quam
1050 1693 1137 1758 aliae
1153 1692 1227 1758 aliis
1244 1693 1351 1756 numi·

281 1794 377 1858 nibus
390 1791 608 1878 dedicatam)
631 1801 664 1860 et
687 1795 838 1859 aedilicia
861 1795 1070 1860 sacerdotum
1096 1794 1266 1874 intemplo
1282 1795 1350 1856 ine-

281 1903 365 1960 rant.
412 1897 583 1978 Templum
607 1903 716 1962 utrum
740 1917 761 1962 a
784 1898 963 1979 Tarquinio
987 1897 1147 1978 Superbo,
1171 1903 1207 1960 ut
1229 1896 1352 1976 Diony-

283 1999 351 2060 sius
376 1997 428 2077 lv,
461 1997 504 2061 49
528 1996 718 2083 auturnat⁴),
751 2018 794 2064 an
826 2000 925 2063 etiarn
949 2000 1040 2080 prius
1065 1998 1274 2086 aedificatum
1298 1998 1349 2075 sit,

284 2117 325 2163 ne
361 2099 499 2164 Rossius
535 2100 666 2182 quidem
701 2100 750 2165 vir
790 2101 1002 2165 doctissimus
1041 2105 1131 2165 certo
1170 2099 1352 2163 diiudicare

284 2221 385 2267 ausus
410 2197 501 2286 est⁶).

350 2323 422 2387 Toti
446 2330 556 2388 autern
567 2349 570 2356 ¹
582 2325 704 2407 templo
725 2325 968 2410 quattuorviros
985 2325 1105 2390 montis
1122 2323 1240 2389 Albani
1256 2340 1353 2405 prae-

286 2425 387 2492 luisse
410 2433 443 2492 et
465 2425 633 2492 flaminem
657 2429 731 2494 Jovi
754 2428 878 2493 Latiari
903 2426 1004 2493 luisse
1035 2446 1074 2492 ex
1105 2427 1198 2492 titulo
1223 2426 1350 2491 collect.

285 2529 381 2597 Orell.
407 2537 440 2596 et
463 2531 561 2596 llenz.
587 2530 674 2596 7415
699 2532 940 2613 cognoscimus
959 2532 1058 2614 inque
1075 2531 1167 2596 titulo
1191 2547 1295 2612 nuper
1318 2529 1351 2592 in

340 2838 360 2908 ¹)
379 2839 414 2894 sd
432 2838 505 2893 hane
524 2839 618 2893 aedem
638 2838 794 2893 restitutam
815 2837 912 2892 titulos
931 2837 1005 2903 XIV,
1018 2839 1087 2892 2231
1103 2840 1131 2891 ct
1143 2839 1214 2892 2232
1227 2839 1353 2908 spectare

283 2922 439 2995 putaverim
446 2943 452 2987 ;
481 2922 548 2977 mihi
568 2923 679 2992 quidem
705 2922 776 2976 alter·
794 2921 901 2986 titulus,
920 2939 982 2976 cum
1002 2923 1036 2976 ab
1055 2940 1109 2976 uno
1129 2921 1239 2976 homine
1257 2921 1353 2975 eedem

283 3000 424 3062 vetustata
452 3007 602 3084 collapsam
630 3005 786 3061 restituisse
806 3007 910 3070 doceat,
936 3025 998 3060 cum
1024 3006 1068 3061 tit.
1087 3006 1124 3064 ib.
1144 3007 1214 3060 2229
1233 3005 1350 3060 ΙΜΡ...

284 3091 473 3146 conciliandus
493 3109 553 3146 esse
572 3091 696 3155 videtur,
715 3091 841 3160 geminos
860 3090 978 3160 deniquo
997 3091 1061 3144 illos
1079 3109 1141 3144 cum
1160 3089 1203 3144 tit.
1222 3091 1293 3144 2228
1313 3090 1375 3154 ita,

284 3176 430 3230 cohaerere
449 3175 582 3246 suspicor,
602 3178 634 3228 ut
652 3174 791 3228 Cabenses
803 3175 962 3228 sacerdotes
973 3173 1132 3245 imperatori
1145 3173 1220 3226 Τ...
1233 3171 1352 3240 gratiam

283 3250 396 3312 reterre*
414 3258 559 3322 indicetur,
588 3259 660 3328 quod
688 3258 767 3313 Jovis
793 3257 911 3313 Latiaris
939 3259 1035 3313 aedem
1060 3275 1167 3312 summa
1185 3255 1353 3311 liberalitate
1384 3277 1391 3295 ·

283 3342 444 3397 restituerit.
1372 3335 1374 3338 ’

339 3425 360 3497 ²)
380 3427 441 3492 Dio,
459 3429 565 3494 47,’40,
595 3427 703 3483 Plinius
721 3427 747 3483 h.
767 3431 823 3483 nat.
848 3430 890 3494 34,
918 3429 959 3493 18,
991 3426 1119 3482 Lucanus
1136 3427 1232 3481 Pbars.
1251 3426 1272 3490 l,
1291 3427 1352 3480 533.

285 3511 376 3567 ltltiam
405 3512 509 3568 Romae
536 3513 733 3585 imperatorum
760 3513 930 3586 temporibus
958 3513 1090 3584 templum
1119 3516 1146 3568 et
1174 3512 1353 3568 simulacrum

284 3596 363 3651 Jovis
382 3596 502 3652 Latiaris
527 3597 614 3652 luisse
643 3598 832 3652 Tertullianus
857 3598 939 3668 (apol.
959 3601 976 3654 9
996 3601 1024 3652 et
1042 3615 1130 3668 scorp.
1151 3601 1186 3667 7),
1214 3596 1353 3650 Minucius

284 3679 364 3734 Felix
383 3679 483 3750 (Octav
502 3684 545 3746 22,
565 3683 600 3751 6),
621 3681 776 3753 Cyprianus
796 3683 946 3754 (despect.
966 3685 996 3752 5)
1016 3683 1123 3747 docent,
1152 3699 1215 3736 cum
1233 3683 1353 3736 humano

242 3804 244 3806 -
285 3783 348 3818 eum
367 3765 502 3834 sanguine
521 3766 618 3838 prolui,
638 3785 734 3821 cruore
753 3767 887 3837 perfundi.
907 3785 1031 3822 cruorem
1051 3767 1123 3822 siin
1142 3767 1241 3822 taciem
1254 3765 1353 3820 iactari

284 3849 401 3921 paganis
420 3850 553 3916 obiciant;
572 3852 621 3906 sed
640 3853 685 3906 vel
705 3851 907 3922 antiquissimis
925 3853 1095 3923 temporibus
1113 3852 1142 3906 in
1156 3852 1226 3906 colle
1239 3849 1352 3916 Latiari,

285 3953 366 4006 quem
385 3935 474 3990 Varro
500 3937 533 3990 de
558 3938 576 3992 l.
600 3937 659 3992 Lat.
679 3937 713 3995 V.
743 3941 777 3993 52
799 3941 940 4002 memorat,
961 3956 1023 4008 emp
1041 3939 1146 3994 cultum
1164 3937 1353 4008 templumque

285 4021 310 4075 ei
330 4025 488 4076 extructum
507 4039 569 4076 esse
587 4022 750 4077 crediderim
769 4023 815 4093 (ci.
833 4023 937 4077 Jordan
955 4026 1010 4094 top.
1030 4023 1107 4077 Rom.
1124 4023 1150 4076 ll
1169 4040 1231 4093 pag.
1246 4021 1318 4092 264).

338 4106 361 4177 ³)
381 4107 415 4162 cl.
436 4107 494 4163 Liv.
513 4111 557 4172 45,
580 4111 620 4174 14,
650 4108 726 4164 (lass.
746 4108 826 4164 Dion.
845 4111 888 4174 89,
909 4111 951 4165 20.

340 4191 362 4262 ⁴)
381 4192 475 4248 nescio
494 4211 530 4248 an
548 4194 600 4248 bac
618 4211 648 4248 rs
667 4197 808 4266 permotus
827 4193 912 4249 leriae
928 4195 961 4249 ad
976 4192 1156 4265 'l'arqniniunr
1170 4190 1352 4248 revocaverit.

340 4277 362 4348 δ)
381 4267 445 4332 ain.
463 4278 519 4334 vol.
537 4279 573 4335 aa
591 4297 617 4350 p.
637 4281 689 4334 315
709 4282 737 4333 et
754 4280 815 4334 aaa.
