3158 5116
815 513 851 568 32

294 663 371 728 dam
396 662 534 728 missurn
554 678 638 742 csse,
662 661 718 744 qui
734 678 871 726 carnem
888 661 1055 744 acciperet
1072 667 1104 726 et
1120 667 1314 744 precaretur
1327 659 1362 748 ι);

294 784 391 850 quem
415 783 580 830 summum
604 762 798 847 plerumque
815 763 1045 845 magistratum
1056 759 1081 848 ²)
1105 762 1207 829 luisse
1224 784 1363 831 consen-

293 877 430 950 taneum
455 873 514 934 est.

362 973 469 1054 Atque
496 971 561 1034 duo
584 969 682 1051 primi
706 969 899 1035 Latinarum
923 971 994 1035 dies
1018 971 1164 1036 lactitiae
1189 971 1361 1036 dabantur.

296 1073 425 1136 Etenim
456 1071 639 1150 multitudo,
678 1088 764 1152 quae
788 1069 1055 1151 frequentissima
1080 1072 1222 1152 undique
1246 1091 1365 1137 conve-

296 1179 400 1253 nerat,
425 1173 493 1237 otio
517 1172 761 1253 concordiaque
785 1169 963 1236 fruebatur.
1003 1171 1123 1252 Magna
1147 1179 1259 1237 autem
1282 1180 1365 1238 tem-

295 1275 385 1356 poris
419 1259 498 1356 pars
532 1271 792 1338 consumebatur
826 1273 1015 1353 gratissima
1048 1273 1104 1338 illa
1128 1275 1365 1340 consuetudine

296 1375 470 1440 oscillandi
493 1377 526 1439 in
549 1375 687 1457 laqueis,
712 1375 767 1457 qui
792 1392 833 1439 ex
857 1374 1030 1440 arboribus
1046 1376 1246 1459 pendebant,
1272 1379 1365 1442 cuius

297 1479 397 1544 mons
422 1497 560 1544 causam
584 1483 683 1560 atque
705 1478 869 1542 rationem
893 1478 1060 1560 explicare
1094 1481 1277 1545 scholiasta
1302 1481 1366 1544 Bo-

294 1581 419 1645 biensis
450 1581 493 1644 ad
524 1579 592 1645 Cic.
626 1579 740 1645 Plano.
765 1579 795 1660 9,
821 1578 865 1644 23
895 1585 928 1644 et
959 1581 1076 1645 Festus
1105 1602 1131 1646 s.
1156 1602 1186 1646 v.
1213 1582 1365 1647 oscillare

253 1706 257 1714 ·
295 1689 372 1747 sunt
395 1682 492 1746 enixi.
509 1680 592 1746 Cum
607 1687 719 1746 autem
732 1677 881 1766 occillet)
901 1682 1002 1746 etiam
1018 1682 1052 1746 in
1064 1681 1246 1763 Argeorum
1259 1685 1365 1748 sacris

295 1786 418 1850 usitata
435 1782 537 1848 luisse
550 1780 715 1867 constet⁴)
731 1788 764 1847 et
779 1783 814 1846 in
828 1781 891 1846 illis
906 1802 967 1865 pro
983 1782 1154 1851 hominum
1171 1785 1364 1867 corporibus

295 1905 336 1952 ca
360 1887 430 1952 deis
443 1885 555 1951 oblata
579 1904 652 1951 esse
676 1885 850 1970 Dionysius
875 1882 925 1968 (l,
943 1884 1004 1969 38)
1028 1891 1060 1950 et
1076 1886 1273 1952 Plutarchus
1289 1885 1363 1972 (qu.

296 1989 388 2054 Rom.
403 1985 466 2073 86)
489 1993 658 2069 testentur,
672 1986 815 2053 dubitari
833 1989 954 2070 nequit,
970 1990 1047 2071 quin
1063 1989 1098 2052 in
1111 1994 1222 2054 monte
1235 2008 1365 2072 quoque

295 2091 423 2157 Albano
447 2091 554 2156 Latini
578 2090 655 2155 olim
680 2090 754 2156 Jovi
778 2091 901 2156 Latiari
932 2091 974 2156 ad
1005 2091 1231 2174 impetrandas
1258 2092 1365 2174 sospi-

295 2202 398 2261 tatem
429 2201 461 2259 et
492 2195 720 2277 purgationem
745 2194 897 2260 homines
926 2195 1152 2276 mactaverint,
1189 2201 1305 2278 postea
1329 2196 1363 2260 in

295 2298 541 2364 similitudinem
580 2297 769 2362 oscillorum
806 2291 974 2383 personati
1012 2298 1162 2380 pendulis
1200 2299 1365 2364 machinis

294 2403 356 2483 ipsi
368 2419 405 2466 se
418 2401 622 2481 agitaverint,
641 2400 728 2464 aeris
745 2397 860 2464 alilatu
876 2400 938 2464 rati
951 2398 1030 2482 fore,
1047 2407 1083 2464 ut
1099 2396 1360 2483 purgarentur⁵t

294 2503 377 2569 Cum
401 2521 480 2568 vcro
504 2503 538 2564 in
561 2501 641 2565 urbe
665 2501 772 2565 Roma
796 2501 886 2565 lovis
911 2501 1050 2565 Latiaris
1072 2501 1287 2567 simulacrum
1303 2503 1363 2567 ho-

294 2605 392 2669 minis
415 2604 505 2668 noxii
528 2602 580 2667 vel
603 2601 794 2682 gladiatoris
819 2604 978 2682 sanguine
1002 2601 1091 2668 feriis
1109 2603 1233 2668 Latinis
1252 2606 1364 2686 spargi

292 2705 422 2785 soleret,
453 2703 604 2768 homines
629 2703 730 2767 ctiam
754 2704 788 2766 in
813 2709 925 2768 monte
948 2703 1077 2769 Albano
1101 2705 1178 2769 olim
1204 2723 1278 2770 esse
1301 2705 1363 2769 im-

295 2808 436 2873 molatos
460 2807 681 2872 certissimum
705 2813 764 2872 est.

361 2911 409 2975 Ex
432 2910 486 2975 illo
511 2910 598 2975 Festi
622 2910 697 2975 loeo
721 2911 826 2975 servis
851 2929 981 2994 quoque
1005 2911 1156 2976 dominos
1174 2911 1363 2976 comitanti-

291 3014 353 3079 bus
376 3014 500 3078 Latinis
525 3014 685 3077 interesse
710 3020 743 3078 et
760 3032 835 3076 cnm
852 3014 914 3078 illis
931 3014 1084 3079 oscillare
1100 3014 1233 3078 licuisse
1250 3013 1360 3095 liquet,

292 3124 336 3197 ut,
362 3115 640 3198 quemadmodum
664 3114 715 3178 his
740 3113 855 3178 diebus
879 3115 965 3178 inter
989 3133 1047 3179 eas
1078 3115 1239 3194 civitates,
1276 3132 1361 3196 quae

292 3217 556 3296 dominabantur,
582 3221 614 3279 et
638 3233 707 3296 aaa,
731 3233 816 3298 quae
833 3215 1062 3297 oboediebant,
1080 3217 1270 3280 discrimem
1286 3232 1361 3279 esse

292 3319 398 3390 desiit,
416 3319 464 3383 sic
487 3319 573 3382 inter
598 3317 749 3382 dominos
774 3324 806 3381 et
825 3336 939 3382 servos
954 3319 1119 3399 dignitatis
1143 3318 1265 3399 gradus
1280 3336 1359 3400 quo-

292 3423 470 3488 dammodo
494 3421 643 3486 sublatus
667 3439 742 3486 esse
766 3421 940 3486 videretur.
1224 3417 1225 3420 ’

348 3595 367 3664 ¹)
386 3595 421 3650 ct.
440 3593 562 3659 Liv.41,
583 3595 629 3648 16:
659 3594 733 3664 ,quia
751 3595 780 3648 in
800 3613 855 3649 una
873 3594 964 3650 hostia
991 3594 1174 3664 magistratus
1200 3591 1361 3648 Lanuvinus

290 3681 419 3750 precatus
438 3696 492 3732 non
511 3681 572 3732 erat
589 3677 689 3749 populo
709 3677 833 3733 Romano
853 3677 1009 3744 Quiritium,
1034 3678 1162 3748 religioni
1181 3678 1243 3733 tuit'
1263 3681 1292 3732 et
1308 3677 1359 3732 Lu·

292 3780 352 3819 can.
372 3762 468 3818 Phara.
487 3763 535 3828 ΙΙΙ,
555 3763 608 3818 at:

397 3845 520 3918 ,Quaque
539 3846 593 3902 iter
611 3851 654 3903 est
675 3847 764 3931 apriis
782 3849 816 3904 ad
836 3867 974 3906 summam
993 3849 1116 3905 fascibus
1135 3849 1251 3906 Albam?

348 3945 369 4016 ²)
388 3945 564 4002 duumvirum
583 3951 633 4002 aut
650 3949 882 4019 quattuorvirum.
969 4006 974 4014 ,

345 4032 367 4103 ⁸)
385 4050 484 4102 graece
503 4037 611 4090 errata.
673 4090 675 4095 .

343 4122 366 4192 ⁴)
386 4123 421 4177 cf.
440 4123 527 4194 Marq.
546 4124 601 4178 vol.
621 4126 638 4179 3
657 4142 720 4196 pag.
741 4125 791 4180 192
807 4141 866 4195 sqq.

344 4207 367 4278 ⁶)
386 4208 421 4262 cf.
440 4206 517 4263 Serv.
536 4209 571 4262 ad
586 4208 686 4278 Georg.
703 4211 728 4275 2,
739 4210 791 4265 389
802 4210 874 4264 etad
885 4209 952 4264 Aen.
963 4211 988 4274 6,
998 4211 1063 4274 741;
1082 4205 1359 4288 Lobeclzi'rAglaoph.

290 4310 353 4364 pag.
373 4294 434 4348 585.
