3158 5116
503 1299 507 1314 ’
605 1337 715 1450 Pars
745 1337 887 1449 tertia.
966 1289 967 1292 Ὺ

185 1683 186 1686 ¹
243 1605 298 1671 De
321 1604 532 1688 praefectis
557 1603 662 1670 urbis
686 1603 915 1670 Latinarum
940 1603 1073 1668 diebus
1097 1603 1247 1668 Romae

671 1759 824 1826 relictis·

276 1970 371 2034 Haud
396 1967 494 2034 dubie
519 1987 639 2032 munus
664 1966 826 2049 praefecti
850 1967 953 2047 urbis,
983 1969 1038 2050 qui
1061 1987 1120 2050 per
1149 1968 1284 2033 Latina-

212 2090 285 2134 rum
321 2072 391 2136 dies
427 2072 678 2152 magistratuum
713 2071 747 2134 in
770 2070 900 2136 Albano
936 2076 1048 2136 monte
1084 2072 1283 2136 morantium

213 2172 287 2238 loco
311 2177 410 2254 esset,
434 2173 487 2238 vel
511 2173 654 2256 antiquis
679 2172 886 2256 temporibus
903 2177 1052 2238 creatum
1071 2179 1136 2254 est3
1161 2174 1283 2240 etenim

212 2276 392 2359 antiquitus
408 2277 635 2342 Romanorum
660 2278 730 2343 iure
741 2281 956 2360 praeceptum
970 2281 1051 2358 erat,
1065 2282 1111 2358 ut,
1125 2277 1181 2360 qui
1194 2297 1285 2342 sum-

212 2398 300 2443 mum
325 2379 498 2462 imperium
523 2378 670 2461 haberet,
695 2380 724 2445 si
748 2380 821 2462 plus
838 2399 941 2444 unum
958 2379 1045 2444 diem
1062 2379 1170 2445 Roma
1187 2378 1283 2444 abes·

210 2485 269 2561 set,
294 2480 501 2562 relinqueret,
527 2481 582 2563 qui
606 2481 657 2545 ius
674 2481 808 2562 diceret,
834 2501 900 2564 qua
926 2481 966 2545 de
989 2499 1026 2546 re
1050 2480 1204 2546 conferas
1220 2482 1284 2546 Ta-

211 2583 268 2646 citi
290 2581 393 2647 verba
417 2583 587 2647 annalium
610 2582 685 2646 libri
707 2583 750 2648 Vl
775 2603 803 2648 c.
830 2583 889 2648 11:
903 2582 1077 2670 ,Namque
1093 2589 1193 2649 antea
1208 2604 1284 2666 pro-

212 2681 306 2748 fectis
331 2684 429 2749 domo
453 2684 584 2764 regibus
608 2705 649 2749 ac
674 2705 751 2750 mox
775 2684 1034 2768 magistratibus,
1059 2704 1101 2750 ne
1116 2685 1195 2750 urbs
1212 2685 1284 2751 sine

210 2784 349 2867 imperio
380 2783 473 2866 foret,
506 2786 541 2850 in
574 2792 705 2869 tempus
730 2786 944 2868 deligebatur,
979 2787 1034 2870 qui
1057 2787 1108 2852 ius
1132 2787 1284 2853 redderet

210 2906 251 2952 ac
275 2887 392 2952 subitis
416 2889 611 2970 mederetur,
632 2907 722 2970 ...;
759 2889 835 2955 dein
871 2889 1025 2956 eonsules
1060 2889 1283 2972 mandabant;

210 2991 371 3076 duratque
394 2992 619 3076 simulacrum,
646 2994 798 3077 quotiens
823 2993 866 3059 ob
891 2991 992 3060 ferias
1005 2995 1141 3060 Latinas
1163 2995 1284 3082 praefi·

210 3096 304 3178 citur,
329 3096 385 3179 qui
409 3096 584 3163 consulare
608 3117 728 3162 munus
751 3096 899 3180 usurpet'
917 3103 950 3163 et
973 3097 1146 3180 Pomponii
1170 3098 1283 3182 verba,

210 3217 294 3282 quae
318 3204 395 3264 sunt
417 3199 452 3264 in
476 3200 678 3282 digestorum
702 3199 776 3264 libri
801 3199 813 3264 l
843 3199 862 3282 ἓ
892 3200 922 3282 2,
949 3202 979 3282 2,
1012 3200 1069 3266 33:
1112 3200 1283 3282 ,Quotiens

210 3306 462 3386 proficiscuntur
499 3303 564 3392 [sc.
590 3301 824 3390 magistratus]
854 3325 940 3370 unus
974 3305 1179 3390 relinquitur,
1226 3307 1282 3389 qui

211 3408 261 3472 ius
285 3409 391 3487 dicat;
428 3409 456 3472 is
480 3413 618 3474 vocatur
635 3406 833 3490 ¹praefectus
864 3407 947 3472 urbi.
996 3408 1058 3488 Qui
1089 3407 1283 3474 Praefectus

211 3508 288 3573 olim
320 3508 602 3588 constituebatur,
629 3515 747 3590 postea
771 3509 964 3574 Latinarum
997 3508 1154 3574 feriarum
1179 3529 1283 3576 causa

212 3609 417 3676 introductus
443 3617 493 3675 est
517 3615 549 3675 el
572 3611 751 3692 quotannis
775 3609 991 3676 observatur’.

278 3710 344 3777 Sed
367 3732 435 3777 non
459 3712 565 3778 solum
591 3712 734 3795 antiquis
758 3711 962 3794 temporibus
994 3712 1119 3778 exstitit
1150 3712 1285 3778 Latina-

212 3833 285 3878 rum
309 3813 424 3880 diebus
447 3813 669 3896 praefectura,
695 3833 809 3880 verum
834 3817 945 3895 etiam,
971 3835 1047 3880 cum
1063 3815 1198 3898 quaevis
1215 3815 1282 3880 alia

213 3914 423 3998 praefectura
446 3916 536 3981 urbis
560 3935 634 3981 esse
654 3917 819 3986 desineret
841 3923 998 3998 praetura
1014 3918 1174 3998 instituta,
1199 3918 1284 3982 haec

213 4017 295 4098 sola,
327 4019 484 4100 quoniam
514 4023 648 4099 praetor
678 4035 808 4100 quoque
840 4019 874 4082 in
899 4023 1010 4082 monte
1035 4019 1160 4096 aderat,
1186 4019 1283 4100 quasi

214 4119 427 4184 simulacrum
452 4120 584 4200 priscae
607 4118 847 4201 praefecturae,
872 4125 908 4184 ut
931 4119 1037 4184 Taciti
1060 4119 1170 4185 verbis
1197 4124 1282 4200 utar,

213 4221 382 4286 remansit.
