3158 5116
752 491 788 544 49

232 633 334 698 verba
358 631 445 698 fecit.
470 633 671 715 Auspicatus
695 639 746 698 est
769 639 802 698 et
825 634 1087 701 iurisdictionem
1114 635 1305 718 praefectus

231 733 304 798 urbi
333 754 431 800 sacro
460 735 651 800 Latinarum
670 784 676 798 .
782 735 852 800 Nec
883 735 986 801 multo
1010 743 1086 819 post
1109 737 1202 802 duxit
1225 758 1307 805 uxo

233 855 303 902 rem
328 837 525 904 Octaviam!
549 837 615 904 Sed
639 857 716 902 cum
740 837 855 903 Tacito
879 843 1017 904 auctore
1041 837 1136 923 (ann.
1164 841 1216 922 12,
1241 840 1306 928 58)

231 939 371 1004 Neronis
396 946 428 1005 et
451 940 558 1005 oratio
582 945 615 1005 et
638 941 887 1042 matrimonium
912 961 1001 1007 anno
1032 941 1075 1006 53
1106 963 1136 1024 p.
1170 942 1247 1008 Chr.
1272 964 1305 1008 n.

235 1040 364 1124 fuerint,
400 1041 611 1125 praefectura
646 1061 787 1126 quoque,
821 1062 886 1126 quo
921 1046 1028 1127 primo
1058 1065 1195 1113 munere
1218 1048 1306 1114 Nero

234 1142 365 1211 iunctus
390 1150 450 1226 est,
475 1145 552 1211 huic
576 1164 664 1212 anno
687 1145 865 1212 tribuenda
895 1153 954 1212 est.

299 1249 424 1316 Titulus
448 1269 544 1332 porro
575 1250 618 1315 ad
647 1250 883 1333 Prymnessum
913 1251 1077 1336 Phrygiae
1109 1251 1224 1318 urbem
1255 1271 1308 1318 re-

233 1359 354 1437 pertuS,
385 1373 539 1420 sermone
572 1359 605 1420 et
628 1354 745 1419 Latino
774 1361 807 1420 et
837 1354 964 1422 Graeco
1001 1363 1182 1439 conceptus
1198 1353 1232 1441 ¹),
1272 1357 1306 1421 L.

233 1457 378 1522 Arruntii
410 1457 620 1523 Scriboniani
656 1458 816 1540 praefecti
851 1458 942 1523 urbis
978 1459 1179 1524 mentionem
1215 1457 1305 1523 facit.

234 1562 348 1640 Quem,
374 1561 461 1643 quod
485 1565 518 1624 et
540 1559 776 1626 Scribonianus
807 1568 840 1626 et
863 1561 1011 1644 abnepos
1034 1561 1172 1643 Pompei
1195 1560 1322 1642 Magni

184 1667 185 1670 ’
234 1664 433 1745 nominatur,
468 1663 650 1730 Kochlerus
674 1684 735 1731 suo
759 1665 830 1730 iure
854 1665 996 1730 eundem
1020 1683 1095 1730 esse
1120 1669 1235 1730 censet
1258 1669 1308 1729 at-

234 1785 298 1850 que
328 1765 583 1833 Scribonianum
616 1766 786 1847 Crassum,
826 1767 868 1831 Μ.
894 1767 1010 1832 Licinii
1035 1767 1148 1832 Crassi
1172 1766 1269 1847 Frugi
1283 1762 1309 1850 2)
1337 1824 1339 1830 .

235 1869 345 1950 hlium,
370 1887 467 1952 quem
491 1869 625 1934 Tacitus
649 1869 683 1932 in
706 1869 820 1934 histor.
846 1868 865 1932 l.
891 1868 903 1933 l
928 1888 956 1933 c.
981 1869 1024 1932 47
1050 1874 1082 1934 et
1104 1870 1125 1934 l.
1151 1869 1193 1934 IV
1218 1889 1246 1933 c.
1265 1867 1308 1933 39

236 1978 485 2038 commemorat.
540 1973 665 2038 Contra
703 1972 956 2052 Mommsenum,
997 1973 1084 2056 quod
1124 1990 1309 2053 cognomen

236 2075 378 2141 Crassus
402 2077 436 2138 in
459 2075 553 2140 titulo
577 2075 679 2156 deest,
716 2075 763 2139 ita
787 2075 932 2155 offendit,
968 2080 1005 2140 ut
1033 2075 1073 2138 de
1098 2075 1196 2140 Furio
1221 2074 1309 2140 Scri-

236 2178 391 2258 boniano,
427 2177 469 2243 M.
501 2177 589 2242 Furii
616 2175 763 2242 Arruntii
795 2177 1005 2244 Scriboniani
1019 2172 1045 2263 ³)
1068 2177 1134 2242 filio
1146 2172 1183 2261 ⁴),
1221 2177 1310 2258 cogi-

237 2289 308 2349 tare
332 2281 426 2347 malit
438 2275 473 2367 ὓ).
500 2279 560 2348 Cui
585 2281 797 2347 coniecturae
822 2279 941 2363 obstat,
967 2281 1054 2365 quod
1070 2280 1312 2349 Scribonianus.

238 2387 381 2453 Crassus
409 2385 463 2451 ille
487 2406 509 2451 a
532 2385 647 2451 Tacito
666 2405 842 2468 ,nusquam
867 2385 1021 2466 Crassus,
1059 2385 1118 2450 sed
1143 2391 1200 2450 aut
1223 2385 1304 2452 Scri·
1330 2372 1338 2390 '

237 2490 399 2556 bonianus
414 2487 439 2575 ὃ)
463 2495 520 2554 aut
543 2489 781 2556 Scribonianus
807 2488 949 2555 Crassus
965 2484 989 2574 ⁷)
1018 2489 1218 2570 nominatur,
1244 2488 1312 2553 fra-

237 2598 287 2657 ter
309 2611 388 2657 vero
424 2613 445 2656 a
478 2591 610 2656 Nerone
650 2592 782 2656 occisus
822 2592 910 2656 nudo
951 2592 1146 2672 cognomine
1186 2591 1311 2656 Crasso

237 2691 502 2778 nuncupatur⁸);
527 2713 567 2759 ac
591 2695 740 2777 protecto
764 2695 853 2777 quod
876 2695 1062 2759 sententiae
1078 2711 1160 2758 suae
1176 2694 1312 2758 firman-

237 2797 300 2861 dae
340 2815 444 2860 causa
482 2797 652 2861 consulem
691 2797 770 2861 anni
805 2796 848 2860 32
879 2817 910 2878 p.
944 2795 1021 2862 Chr.
1052 2815 1083 2858 n.
1131 2796 1311 2877 Pompeiae

238 2899 339 2964 tilium
370 2905 403 2964 et
427 2897 486 2964 Cn.
511 2899 647 2982 Pompei
677 2899 787 2980 Magni
810 2903 1027 2980 pronepotem
1061 2896 1163 2962 tuisse
1188 2898 1316 2990 conicit¹

238 3001 473 3082 Mommsenus,
499 3001 584 3066 haec
607 3001 753 3083 suspicio
777 3001 912 3066 omnino
936 3007 1029 3066 caret
1051 3001 1252 3066 testimonio.

304 3104 379 3170 Jam
402 3122 481 3169 vero
505 3103 714 3170 Scriboniani
740 3103 851 3169 Crassi
882 3104 969 3185 patri
1000 3123 1076 3168 cum
1107 3122 1312 3185 praenomen

238 3212 327 3270 esset
350 3205 464 3271 Marco
478 3202 513 3290 ξ’),
538 3206 650 3270 titulus
675 3211 786 3270 autem
812 3206 948 3269 Lucium
972 3223 1177 3286 praenomen
1201 3211 1313 3269 osten-

238 3307 305 3388 dat,
329 3309 400 3372 iure
423 3308 586 3389 suspicari
617 3309 698 3372 mihi
721 3309 836 3372 videor
858 3307 950 3371 illum
974 3308 1167 3388 adoptatum
1193 3324 1267 3371 esse
1292 3326 1313 3370 a

239 3409 424 3474 clarissimo
460 3409 514 3475 illc
547 3410 580 3473 L.
605 3409 761 3473 Arruntio
776 3405 829 3492 ¹⁰),
866 3408 1002 3473 consule
1030 3409 1110 3472 anni
1133 3408 1154 3472 6
1177 3428 1208 3490 p.
1235 3407 1311 3474 Chr.

238 3535 452 3546 ...α-*-

297 3589 316 3659 ¹)
340 3587 370 3642 in
398 3589 451 3643 act.
479 3585 543 3640 inst.
572 3584 648 3640 arch.
674 3583 775 3638 Athen.
802 3583 855 3638 vol.
882 3586 898 3637 7
927 3601 952 3654 p.
983 3584 1032 3638 127
1057 3583 1150 3651 (1882)
1178 3599 1196 3636 a
1223 3580 1313 3634 Koch·

239 3675 296 3730 loro
316 3672 416 3727 edibus.
443 3701 473 3711 -
495 3671 518 3742 ²)
537 3668 659 3724 consulis
678 3667 743 3722 oniti
762 3671 796 3722 27
816 3687 841 3738 p.
862 3667 925 3722 Chr.
946 3685 971 3720 n.
1000 3696 1035 3707 -
1066 3664 1087 3736 ³)
1106 3658 1228 3720 consulis
1248 3664 1313 3719 uniri

238 3763 274 3818 82
291 3781 318 3832 p.
338 3759 401 3814 chr.
419 3777 445 3813 n.
465 3787 500 3797 -
519 3755 542 3826 ⁴)
561 3755 594 3810 de
613 3773 645 3809 eo
664 3756 698 3809 cf.
718 3754 782 3808 Tac.
802 3771 866 3808 nun.
887 3755 928 3818 12,
947 3754 990 3808 52.

293 3846 314 3916 ·”)
334 3844 362 3899 in
381 3844 487 3915 opham.
507 3841 593 3913 epigr.
611 3839 666 3894 vol.
692 3840 718 3894 V
736 3858 762 3910 p.
782 3841 815 3894 51
835 3856 886 3908 sq,
911 3837 959 3892 ubi
984 3835 1098 3892 bibulum
1124 3835 1228 3891 maiore
1254 3835 1314 3890 dili·

240 3929 334 4000 gentia
352 3928 490 4000 depictum
509 3926 604 3981 edidit.

295 4016 317 4086 α)
335 4014 400 4070 hist.
420 4015 441 4079 1,
459 4017 503 4069 47.
522 4042 558 4054 -
579 4011 600 4083 ²)
619 4011 654 4065 ib.
676 4011 723 4075 IV,
743 4012 787 4065 39.
809 4039 839 4049 -
862 4007 883 4078 ⁸)
902 4008 939 4062 ib.
959 4009 980 4074 1,
998 4007 1042 4062 48.

297 4099 319 4171 9)
338 4100 386 4154 scd
406 4098 488 4153 etiam
509 4095 585 4151 Furii
604 4094 777 4150 Scriboniani
796 4093 868 4165 patri
887 4109 1054 4165 praenomen
1075 4093 1135 4144 erat
1152 4089 1255 4144 Marco.

289 4185 322 4255 ¹⁰)
342 4202 374 4238 cu
391 4182 498 4238 ratione
517 4180 667 4237 Arruntius
692 4197 801 4245 nomen,
829 4178 901 4249 quod
921 4180 965 4232 est
992 4175 1021 4230 in
1040 4174 1131 4241 titulo,
1158 4173 1252 4229 nescio
1280 4192 1315 4228 un

243 4269 346 4342 optime
365 4267 545 4338 intelligatur.

238 4371 241 4378 ’
1190 4369 1208 4423 4
