<?xml version="1.0" encoding="UTF-8"?>
<!DOCTYPE html PUBLIC "-//W3C//DTD XHTML 1.0 Transitional//EN"
    "http://www.w3.org/TR/xhtml1/DTD/xhtml1-transitional.dtd">
<html xmlns="http://www.w3.org/1999/xhtml" xml:lang="en" lang="en">
 <head>
  <title>
</title>
<meta http-equiv="Content-Type" content="text/html;charset=utf-8" />
  <meta name='ocr-system' content='tesseract 3.04.00' />
  <meta name='ocr-capabilities' content='ocr_page ocr_carea ocr_par ocr_line ocrx_word'/>
</head>
<body>
  <div class='ocr_page' id='page_1' title='image "./deferiislatinis00werngoog_0046.png"; bbox 0 0 3158 5116; ppageno 0'>
   <div class='ocr_carea' id='block_1_1' title="bbox 767 459 802 514">
    <p class='ocr_par' dir='ltr' id='par_1_1' title="bbox 767 459 802 514">
     <span class='ocr_line' id='line_1_1' title="bbox 767 459 802 514; baseline -0.029 0"><span class='ocrx_word' id='word_1_1' title='bbox 767 459 802 514; x_wconf 81' lang='lat'>39</span> 
     </span>
    </p>
   </div>
   <div class='ocr_carea' id='block_1_2' title="bbox 241 600 1331 2844">
    <p class='ocr_par' dir='ltr' id='par_1_2' title="bbox 241 600 1331 2844">
     <span class='ocr_line' id='line_1_2' title="bbox 245 600 1320 687; baseline 0.001 -21"><span class='ocrx_word' id='word_1_2' title='bbox 245 602 332 667; x_wconf 89' lang='lat' dir='ltr'>blica</span> <span class='ocrx_word' id='word_1_3' title='bbox 356 608 427 668; x_wconf 90' lang='lat' dir='ltr'>erat</span> <span class='ocrx_word' id='word_1_4' title='bbox 450 604 678 684; x_wconf 90' lang='lat' dir='ltr'>propulsatum</span> <span class='ocrx_word' id='word_1_5' title='bbox 691 600 724 687; x_wconf 90' lang='lat'>¹).</span> <span class='ocrx_word' id='word_1_6' title='bbox 771 603 879 685; x_wconf 81' lang='lat' dir='ltr'><strong>Atque</strong></span> <span class='ocrx_word' id='word_1_7' title='bbox 904 603 1129 686; x_wconf 84' lang='lat' dir='ltr'>querimonias</span> <span class='ocrx_word' id='word_1_8' title='bbox 1163 603 1204 667; x_wconf 92' lang='lat' dir='ltr'>de</span> <span class='ocrx_word' id='word_1_9' title='bbox 1232 603 1320 667; x_wconf 91' lang='lat' dir='ltr'>vitiis</span> 
     </span>
     <span class='ocr_line' id='line_1_3' title="bbox 246 702 1319 786; baseline 0 -19"><span class='ocrx_word' id='word_1_10' title='bbox 246 704 281 767; x_wconf 91' lang='lat' dir='ltr'>in</span> <span class='ocrx_word' id='word_1_11' title='bbox 313 704 420 768; x_wconf 86' lang='lat' dir='ltr'>sacris</span> <span class='ocrx_word' id='word_1_12' title='bbox 453 704 642 769; x_wconf 85' lang='lat' dir='ltr'><strong>commissis</strong></span> <span class='ocrx_word' id='word_1_13' title='bbox 674 705 717 769; x_wconf 92' lang='lat' dir='ltr'>ad</span> <span class='ocrx_word' id='word_1_14' title='bbox 750 710 903 769; x_wconf 89' lang='lat' dir='ltr'>senatum</span> <span class='ocrx_word' id='word_1_15' title='bbox 929 703 1058 769; x_wconf 87' lang='lat' dir='ltr'>delatas</span> <span class='ocrx_word' id='word_1_16' title='bbox 1082 702 1125 768; x_wconf 90' lang='lat' dir='ltr'>ab</span> <span class='ocrx_word' id='word_1_17' title='bbox 1150 722 1254 786; x_wconf 91' lang='lat' dir='ltr'>eoque</span> <span class='ocrx_word' id='word_1_18' title='bbox 1278 704 1319 768; x_wconf 87' lang='lat' dir='ltr'>ad</span> 
     </span>
     <span class='ocr_line' id='line_1_4' title="bbox 244 803 1315 886; baseline -0.002 -16"><span class='ocrx_word' id='word_1_19' title='bbox 244 803 435 886; x_wconf 82' lang='lat' dir='ltr'>pontificum</span> <span class='ocrx_word' id='word_1_20' title='bbox 467 803 639 886; x_wconf 86' lang='lat' dir='ltr'>collegium</span> <span class='ocrx_word' id='word_1_21' title='bbox 672 805 815 869; x_wconf 90' lang='lat' dir='ltr'>reiectas</span> <span class='ocrx_word' id='word_1_22' title='bbox 846 821 921 870; x_wconf 88' lang='lat' dir='ltr'>esse</span> <span class='ocrx_word' id='word_1_23' title='bbox 954 804 1064 869; x_wconf 88' lang='lat' dir='ltr'>Livius</span> <span class='ocrx_word' id='word_1_24' title='bbox 1101 810 1219 870; x_wconf 81' lang='lat' dir='ltr'>auctor</span> <span class='ocrx_word' id='word_1_25' title='bbox 1254 810 1315 885; x_wconf 91' lang='lat' dir='ltr'>est,</span> 
     </span>
     <span class='ocr_line' id='line_1_5' title="bbox 245 906 1316 991; baseline 0 -19"><span class='ocrx_word' id='word_1_26' title='bbox 245 909 333 990; x_wconf 94' lang='lat' dir='ltr'>apud</span> <span class='ocrx_word' id='word_1_27' title='bbox 356 926 455 990; x_wconf 91' lang='lat' dir='ltr'>quem</span> <span class='ocrx_word' id='word_1_28' title='bbox 478 908 543 971; x_wconf 88' lang='lat' dir='ltr'>hac</span> <span class='ocrx_word' id='word_1_29' title='bbox 568 907 608 972; x_wconf 88' lang='lat' dir='ltr'>de</span> <span class='ocrx_word' id='word_1_30' title='bbox 631 926 667 971; x_wconf 91' lang='lat' dir='ltr'>re</span> <span class='ocrx_word' id='word_1_31' title='bbox 691 907 851 989; x_wconf 90' lang='lat' dir='ltr'>scriptum</span> <span class='ocrx_word' id='word_1_32' title='bbox 875 907 1026 972; x_wconf 90' lang='lat' dir='ltr'>videmus</span> <span class='ocrx_word' id='word_1_33' title='bbox 1051 906 1104 989; x_wconf 88' lang='grc'>41,</span> <span class='ocrx_word' id='word_1_34' title='bbox 1131 906 1189 973; x_wconf 88' lang='lat'>16:</span> <span class='ocrx_word' id='word_1_35' title='bbox 1228 907 1316 991; x_wconf 89' lang='lat' dir='ltr'>,quia</span> 
     </span>
     <span class='ocr_line' id='line_1_6' title="bbox 243 1009 1319 1094; baseline 0.001 -20"><span class='ocrx_word' id='word_1_36' title='bbox 243 1011 277 1075; x_wconf 92' lang='lat' dir='ltr'>in</span> <span class='ocrx_word' id='word_1_37' title='bbox 301 1029 368 1076; x_wconf 93' lang='lat' dir='ltr'>una</span> <span class='ocrx_word' id='word_1_38' title='bbox 391 1009 502 1075; x_wconf 92' lang='lat' dir='ltr'>hostia</span> <span class='ocrx_word' id='word_1_39' title='bbox 526 1009 739 1090; x_wconf 73' lang='lat' dir='ltr'><strong>magistratus</strong></span> <span class='ocrx_word' id='word_1_40' title='bbox 764 1009 955 1075; x_wconf 87' lang='lat' dir='ltr'>Lanuvinus</span> <span class='ocrx_word' id='word_1_41' title='bbox 979 1016 1135 1094; x_wconf 74' lang='lat' dir='ltr'>precatus</span> <span class='ocrx_word' id='word_1_42' title='bbox 1159 1015 1319 1077; x_wconf 85' lang='lat' dir='ltr'>nouerat</span> 
     </span>
     <span class='ocr_line' id='line_1_7' title="bbox 243 1113 1318 1197; baseline 0 -17"><span class='ocrx_word' id='word_1_43' title='bbox 243 1114 364 1197; x_wconf 93' lang='lat' dir='ltr'>populo</span> <span class='ocrx_word' id='word_1_44' title='bbox 386 1115 537 1180; x_wconf 88' lang='lat' dir='ltr'>Romano</span> <span class='ocrx_word' id='word_1_45' title='bbox 562 1113 746 1195; x_wconf 80' lang='lat' dir='ltr'>Quiritium,</span> <span class='ocrx_word' id='word_1_46' title='bbox 771 1114 922 1196; x_wconf 84' lang='lat' dir='ltr'>religioni</span> <span class='ocrx_word' id='word_1_47' title='bbox 946 1113 1017 1182; x_wconf 90' lang='lat' dir='ltr'>suit.</span> <span class='ocrx_word' id='word_1_48' title='bbox 1043 1115 1077 1181; x_wconf 94' lang='lat' dir='ltr'>id</span> <span class='ocrx_word' id='word_1_49' title='bbox 1098 1135 1174 1181; x_wconf 90' lang='lat' dir='ltr'>curn</span> <span class='ocrx_word' id='word_1_50' title='bbox 1199 1116 1242 1181; x_wconf 93' lang='lat' dir='ltr'>ad</span> <span class='ocrx_word' id='word_1_51' title='bbox 1266 1133 1318 1180; x_wconf 90' lang='lat' dir='ltr'>se·</span> 
     </span>
     <span class='ocr_line' id='line_1_8' title="bbox 243 1217 1316 1300; baseline 0 -18"><span class='ocrx_word' id='word_1_52' title='bbox 243 1223 358 1283; x_wconf 89' lang='lat' dir='ltr'>natum</span> <span class='ocrx_word' id='word_1_53' title='bbox 382 1217 523 1283; x_wconf 86' lang='lat' dir='ltr'>relatum</span> <span class='ocrx_word' id='word_1_54' title='bbox 551 1223 640 1282; x_wconf 88' lang='lat' dir='ltr'>esset</span> <span class='ocrx_word' id='word_1_55' title='bbox 655 1223 858 1300; x_wconf 75' lang='lat' dir='ltr'>senatusque</span> <span class='ocrx_word' id='word_1_56' title='bbox 875 1217 917 1282; x_wconf 90' lang='lat' dir='ltr'>ad</span> <span class='ocrx_word' id='word_1_57' title='bbox 932 1217 1124 1300; x_wconf 90' lang='lat' dir='ltr'>pontificum</span> <span class='ocrx_word' id='word_1_58' title='bbox 1142 1217 1316 1300; x_wconf 83' lang='lat' dir='ltr'>collegium</span> 
     </span>
     <span class='ocr_line' id='line_1_9' title="bbox 243 1315 1318 1401; baseline -0.001 -18"><span class='ocrx_word' id='word_1_59' title='bbox 243 1319 423 1391; x_wconf 84' lang='lat' dir='ltr'>reiecisset,</span> <span class='ocrx_word' id='word_1_60' title='bbox 458 1315 678 1401; x_wconf 86' lang='lat' dir='ltr'>pontificibus,</span> <span class='ocrx_word' id='word_1_61' title='bbox 715 1317 793 1400; x_wconf 91' lang='lat' dir='ltr'>quia</span> <span class='ocrx_word' id='word_1_62' title='bbox 825 1337 892 1384; x_wconf 92' lang='lat' dir='ltr'>non</span> <span class='ocrx_word' id='word_1_63' title='bbox 921 1323 1012 1382; x_wconf 90' lang='lat' dir='ltr'>recte</span> <span class='ocrx_word' id='word_1_64' title='bbox 1044 1315 1155 1382; x_wconf 84' lang='lat' dir='ltr'>factae</span> <span class='ocrx_word' id='word_1_65' title='bbox 1179 1318 1318 1382; x_wconf 81' lang='lat' dir='ltr'>Latinae</span> 
     </span>
     <span class='ocr_line' id='line_1_10' title="bbox 244 1420 1315 1511; baseline -0.004 -19"><span class='ocrx_word' id='word_1_66' title='bbox 244 1430 366 1508; x_wconf 89' lang='lat' dir='ltr'>essent,</span> <span class='ocrx_word' id='word_1_67' title='bbox 390 1425 584 1490; x_wconf 87' lang='lat' dir='ltr'>instauratis</span> <span class='ocrx_word' id='word_1_68' title='bbox 594 1420 619 1511; x_wconf 65' lang='grc'>2)</span> <span class='ocrx_word' id='word_1_69' title='bbox 643 1425 768 1490; x_wconf 89' lang='lat' dir='ltr'>Latinis</span> <span class='ocrx_word' id='word_1_70' title='bbox 792 1425 916 1507; x_wconf 79' lang='lat' dir='ltr'>placuit</span> <span class='ocrx_word' id='word_1_71' title='bbox 939 1426 1139 1506; x_wconf 86' lang='lat' dir='ltr'>Lanuvinus,</span> <span class='ocrx_word' id='word_1_72' title='bbox 1175 1445 1315 1508; x_wconf 92' lang='lat' dir='ltr'>quorum</span> 
     </span>
     <span class='ocr_line' id='line_1_11' title="bbox 244 1525 1315 1616; baseline -0.004 -22"><span class='ocrx_word' id='word_1_73' title='bbox 244 1546 346 1610; x_wconf 89' lang='lat' dir='ltr'>opera</span> <span class='ocrx_word' id='word_1_74' title='bbox 380 1528 586 1592; x_wconf 76' lang='lat' dir='ltr'>instauratae</span> <span class='ocrx_word' id='word_1_75' title='bbox 621 1532 742 1606; x_wconf 89' lang='lat' dir='ltr'>essent,</span> <span class='ocrx_word' id='word_1_76' title='bbox 778 1527 907 1591; x_wconf 90' lang='lat' dir='ltr'>hostias</span> <span class='ocrx_word' id='word_1_77' title='bbox 941 1525 1123 1609; x_wconf 87' lang='lat' dir='ltr'>praebere&#39;,</span> <span class='ocrx_word' id='word_1_78' title='bbox 1164 1527 1218 1608; x_wconf 90' lang='lat'>40,</span> <span class='ocrx_word' id='word_1_79' title='bbox 1254 1526 1315 1616; x_wconf 66' lang='lat'>45:</span> 
     </span>
     <span class='ocr_line' id='line_1_12' title="bbox 245 1627 1318 1714; baseline -0.002 -19"><span class='ocrx_word' id='word_1_80' title='bbox 245 1631 362 1714; x_wconf 85' lang='lat' dir='ltr'>,itaque</span> <span class='ocrx_word' id='word_1_81' title='bbox 386 1629 521 1695; x_wconf 90' lang='lat' dir='ltr'>Latinas</span> <span class='ocrx_word' id='word_1_82' title='bbox 546 1633 642 1693; x_wconf 86' lang='lat' dir='ltr'>atrox</span> <span class='ocrx_word' id='word_1_83' title='bbox 666 1627 774 1693; x_wconf 90' lang='lat' dir='ltr'>subito</span> <span class='ocrx_word' id='word_1_84' title='bbox 799 1633 914 1694; x_wconf 90' lang='lat' dir='ltr'>coorta</span> <span class='ocrx_word' id='word_1_85' title='bbox 939 1633 971 1693; x_wconf 92' lang='lat' dir='ltr'>et</span> <span class='ocrx_word' id='word_1_86' title='bbox 994 1627 1211 1694; x_wconf 89' lang='lat' dir='ltr'>intolerabilis</span> <span class='ocrx_word' id='word_1_87' title='bbox 1233 1634 1318 1693; x_wconf 92' lang='lat' dir='ltr'>tem-</span> 
     </span>
     <span class='ocr_line' id='line_1_13' title="bbox 244 1730 1316 1816; baseline -0.004 -18"><span class='ocrx_word' id='word_1_88' title='bbox 244 1738 356 1816; x_wconf 89' lang='lat' dir='ltr'>pestas</span> <span class='ocrx_word' id='word_1_89' title='bbox 388 1733 422 1796; x_wconf 91' lang='lat' dir='ltr'>in</span> <span class='ocrx_word' id='word_1_90' title='bbox 456 1736 567 1797; x_wconf 91' lang='lat' dir='ltr'>monte</span> <span class='ocrx_word' id='word_1_91' title='bbox 595 1730 750 1812; x_wconf 89' lang='lat' dir='ltr'>turbavit,</span> <span class='ocrx_word' id='word_1_92' title='bbox 783 1731 1055 1814; x_wconf 79' lang='lat' dir='ltr'>instaurataeque</span> <span class='ocrx_word' id='word_1_93' title='bbox 1084 1735 1162 1795; x_wconf 90' lang='lat' dir='ltr'>sunt</span> <span class='ocrx_word' id='word_1_94' title='bbox 1193 1749 1234 1795; x_wconf 85' lang='lat' dir='ltr'>ex</span> <span class='ocrx_word' id='word_1_95' title='bbox 1259 1731 1316 1794; x_wconf 88' lang='lat' dir='ltr'>de-</span> 
     </span>
     <span class='ocr_line' id='line_1_14' title="bbox 245 1833 1315 1918; baseline -0.003 -18"><span class='ocrx_word' id='word_1_96' title='bbox 245 1841 337 1901; x_wconf 92' lang='lat' dir='ltr'>creto</span> <span class='ocrx_word' id='word_1_97' title='bbox 360 1833 573 1918; x_wconf 86' lang='lat' dir='ltr'>pontificum&#39;,</span> <span class='ocrx_word' id='word_1_98' title='bbox 598 1834 651 1912; x_wconf 80' lang='lat'>32,</span> <span class='ocrx_word' id='word_1_99' title='bbox 678 1835 714 1898; x_wconf 93' lang='lat' dir='ltr'>l:</span> <span class='ocrx_word' id='word_1_100' title='bbox 741 1833 855 1915; x_wconf 89' lang='lat' dir='ltr'>,leriae</span> <span class='ocrx_word' id='word_1_101' title='bbox 879 1834 1018 1899; x_wconf 89' lang='lat' dir='ltr'>Latinae</span> <span class='ocrx_word' id='word_1_102' title='bbox 1041 1833 1234 1916; x_wconf 86' lang='lat' dir='ltr'>pontificum</span> <span class='ocrx_word' id='word_1_103' title='bbox 1259 1834 1315 1898; x_wconf 77' lang='lat' dir='ltr'>de</span> 
     </span>
     <span class='ocr_line' id='line_1_15' title="bbox 244 1935 1315 2018; baseline -0.006 -15"><span class='ocrx_word' id='word_1_104' title='bbox 244 1943 334 2003; x_wconf 89' lang='lat' dir='ltr'>creto</span> <span class='ocrx_word' id='word_1_105' title='bbox 358 1937 564 2001; x_wconf 86' lang='lat' dir='ltr'>instauratae</span> <span class='ocrx_word' id='word_1_106' title='bbox 588 1940 674 2016; x_wconf 90' lang='lat' dir='ltr'>sunt,</span> <span class='ocrx_word' id='word_1_107' title='bbox 699 1937 786 2017; x_wconf 91' lang='lat' dir='ltr'>quod</span> <span class='ocrx_word' id='word_1_108' title='bbox 811 1935 910 2016; x_wconf 91' lang='lat' dir='ltr'>legati</span> <span class='ocrx_word' id='word_1_109' title='bbox 933 1936 976 2000; x_wconf 94' lang='lat' dir='ltr'>ab</span> <span class='ocrx_word' id='word_1_110' title='bbox 1000 1935 1112 2000; x_wconf 89' lang='lat' dir='ltr'>Ardea</span> <span class='ocrx_word' id='word_1_111' title='bbox 1143 1935 1250 2018; x_wconf 88' lang='lat' dir='ltr'>questi</span> <span class='ocrx_word' id='word_1_112' title='bbox 1281 1935 1315 1998; x_wconf 91' lang='lat' dir='ltr'>in</span> 
     </span>
     <span class='ocr_line' id='line_1_16' title="bbox 243 2029 1331 2119; baseline -0.002 -17"><span class='ocrx_word' id='word_1_113' title='bbox 243 2043 362 2103; x_wconf 91' lang='lat' dir='ltr'>senatu</span> <span class='ocrx_word' id='word_1_114' title='bbox 376 2043 480 2119; x_wconf 90' lang='lat' dir='ltr'>erant,</span> <span class='ocrx_word' id='word_1_115' title='bbox 494 2037 557 2102; x_wconf 90' lang='lat' dir='ltr'>sibi</span> <span class='ocrx_word' id='word_1_116' title='bbox 572 2037 606 2101; x_wconf 93' lang='lat' dir='ltr'>in</span> <span class='ocrx_word' id='word_1_117' title='bbox 621 2043 734 2102; x_wconf 90' lang='lat' dir='ltr'>monte</span> <span class='ocrx_word' id='word_1_118' title='bbox 747 2037 875 2102; x_wconf 91' lang='lat' dir='ltr'>Albano</span> <span class='ocrx_word' id='word_1_119' title='bbox 894 2035 1020 2103; x_wconf 90' lang='lat' dir='ltr'>Latinis</span> <span class='ocrx_word' id='word_1_120' title='bbox 1041 2055 1187 2119; x_wconf 86' lang='lat' dir='ltr'>carnem,</span> <span class='ocrx_word' id='word_1_121' title='bbox 1209 2042 1246 2101; x_wconf 91' lang='lat' dir='ltr'>ut</span> <span class='ocrx_word' id='word_1_122' title='bbox 1258 2029 1331 2100; x_wconf 84' lang='lat' dir='ltr'>ad-&#39;</span> 
     </span>
     <span class='ocr_line' id='line_1_17' title="bbox 243 2139 1315 2224; baseline -0.002 -20"><span class='ocrx_word' id='word_1_123' title='bbox 243 2139 337 2221; x_wconf 88' lang='lat' dir='ltr'>solet,</span> <span class='ocrx_word' id='word_1_124' title='bbox 355 2141 468 2206; x_wconf 92' lang='lat' dir='ltr'>datam</span> <span class='ocrx_word' id='word_1_125' title='bbox 484 2159 551 2206; x_wconf 93' lang='lat' dir='ltr'>non</span> <span class='ocrx_word' id='word_1_126' title='bbox 568 2139 663 2206; x_wconf 87' lang='lat' dir='ltr'>esse&#39;.</span> <span class='ocrx_word' id='word_1_127' title='bbox 688 2139 795 2224; x_wconf 87' lang='lat' dir='ltr'>Atque</span> <span class='ocrx_word' id='word_1_128' title='bbox 811 2141 918 2223; x_wconf 93' lang='lat' dir='ltr'>primo</span> <span class='ocrx_word' id='word_1_129' title='bbox 935 2159 976 2206; x_wconf 86' lang='lat' dir='ltr'>ex</span> <span class='ocrx_word' id='word_1_130' title='bbox 990 2141 1065 2206; x_wconf 93' lang='lat' dir='ltr'>loco</span> <span class='ocrx_word' id='word_1_131' title='bbox 1082 2159 1124 2205; x_wconf 84' lang='lat' dir='ltr'>ex</span> <span class='ocrx_word' id='word_1_132' title='bbox 1140 2140 1190 2221; x_wconf 92' lang='lat' dir='ltr'>iis,</span> <span class='ocrx_word' id='word_1_133' title='bbox 1208 2139 1264 2222; x_wconf 91' lang='lat' dir='ltr'>qni</span> <span class='ocrx_word' id='word_1_134' title='bbox 1281 2139 1315 2202; x_wconf 91' lang='lat' dir='ltr'>in</span> 
     </span>
     <span class='ocr_line' id='line_1_18' title="bbox 243 2241 1311 2326; baseline 0 -19"><span class='ocrx_word' id='word_1_135' title='bbox 243 2243 341 2326; x_wconf 91' lang='lat' dir='ltr'>culpa</span> <span class='ocrx_word' id='word_1_136' title='bbox 365 2247 469 2326; x_wconf 87' lang='lat' dir='ltr'>erant,</span> <span class='ocrx_word' id='word_1_137' title='bbox 482 2241 536 2309; x_wconf 88' lang='lat' dir='ltr'>vel</span> <span class='ocrx_word' id='word_1_138' title='bbox 559 2261 687 2326; x_wconf 90' lang='lat' dir='ltr'>poenae</span> <span class='ocrx_word' id='word_1_139' title='bbox 703 2243 885 2308; x_wconf 88' lang='lat' dir='ltr'>sumendae</span> <span class='ocrx_word' id='word_1_140' title='bbox 897 2247 1097 2326; x_wconf 88' lang='lat' dir='ltr'>potestatem</span> <span class='ocrx_word' id='word_1_141' title='bbox 1111 2241 1213 2308; x_wconf 85' lang='lat' dir='ltr'>luisse</span> <span class='ocrx_word' id='word_1_142' title='bbox 1234 2261 1311 2325; x_wconf 90' lang='lat' dir='ltr'>porr·</span> 
     </span>
     <span class='ocr_line' id='line_1_19' title="bbox 242 2346 1316 2432; baseline -0.002 -20"><span class='ocrx_word' id='word_1_143' title='bbox 242 2347 384 2414; x_wconf 89' lang='lat' dir='ltr'>tilrcibus</span> <span class='ocrx_word' id='word_1_144' title='bbox 397 2348 513 2414; x_wconf 88' lang='lat' dir='ltr'>elucet.</span> <span class='ocrx_word' id='word_1_145' title='bbox 538 2348 653 2432; x_wconf 89' lang='lat' dir='ltr'>Neque</span> <span class='ocrx_word' id='word_1_146' title='bbox 666 2349 788 2414; x_wconf 87' lang='lat' dir='ltr'>veritos</span> <span class='ocrx_word' id='word_1_147' title='bbox 802 2367 876 2414; x_wconf 88' lang='lat' dir='ltr'>esse</span> <span class='ocrx_word' id='word_1_148' title='bbox 889 2346 996 2413; x_wconf 87' lang='lat' dir='ltr'>malos</span> <span class='ocrx_word' id='word_1_149' title='bbox 1012 2346 1165 2412; x_wconf 93' lang='lat' dir='ltr'>homines</span> <span class='ocrx_word' id='word_1_150' title='bbox 1177 2347 1241 2410; x_wconf 82' lang='lat' dir='ltr'>lrac</span> <span class='ocrx_word' id='word_1_151' title='bbox 1257 2365 1316 2427; x_wconf 90' lang='lat' dir='ltr'>po-</span> 
     </span>
     <span class='ocr_line' id='line_1_20' title="bbox 241 2448 1317 2534; baseline -0.003 -18"><span class='ocrx_word' id='word_1_152' title='bbox 241 2451 309 2534; x_wconf 92' lang='lat' dir='ltr'>puli</span> <span class='ocrx_word' id='word_1_153' title='bbox 325 2453 468 2518; x_wconf 87' lang='lat' dir='ltr'>Romani</span> <span class='ocrx_word' id='word_1_154' title='bbox 486 2453 520 2531; x_wconf 83' lang='lat' dir='ltr'>ip</span> <span class='ocrx_word' id='word_1_155' title='bbox 541 2453 767 2517; x_wconf 89' lang='lat' dir='ltr'>instaurandis</span> <span class='ocrx_word' id='word_1_156' title='bbox 784 2451 874 2518; x_wconf 90' lang='lat' dir='ltr'>leriis</span> <span class='ocrx_word' id='word_1_157' title='bbox 902 2452 1059 2533; x_wconf 89' lang='lat' dir='ltr'>religione</span> <span class='ocrx_word' id='word_1_158' title='bbox 1083 2449 1175 2515; x_wconf 91' lang='lat' dir='ltr'>abuti</span> <span class='ocrx_word' id='word_1_159' title='bbox 1199 2448 1317 2515; x_wconf 90' lang='lat' dir='ltr'>Cicero</span> 
     </span>
     <span class='ocr_line' id='line_1_21' title="bbox 241 2549 1318 2637; baseline -0.006 -17"><span class='ocrx_word' id='word_1_160' title='bbox 241 2555 335 2620; x_wconf 90' lang='lat' dir='ltr'>testis</span> <span class='ocrx_word' id='word_1_161' title='bbox 349 2561 409 2635; x_wconf 90' lang='lat' dir='ltr'>est,</span> <span class='ocrx_word' id='word_1_162' title='bbox 435 2555 536 2637; x_wconf 94' lang='lat' dir='ltr'>quiin</span> <span class='ocrx_word' id='word_1_163' title='bbox 553 2553 693 2637; x_wconf 90' lang='lat' dir='ltr'>epistula</span> <span class='ocrx_word' id='word_1_164' title='bbox 710 2555 754 2620; x_wconf 93' lang='lat' dir='ltr'>ad</span> <span class='ocrx_word' id='word_1_165' title='bbox 771 2554 927 2634; x_wconf 88' lang='lat' dir='ltr'>Quintum</span> <span class='ocrx_word' id='word_1_166' title='bbox 950 2553 1088 2619; x_wconf 91' lang='lat' dir='ltr'>fratrem</span> <span class='ocrx_word' id='word_1_167' title='bbox 1105 2553 1185 2618; x_wconf 91' lang='lat' dir='ltr'>data</span> <span class='ocrx_word' id='word_1_168' title='bbox 1200 2553 1231 2632; x_wconf 82' lang='grc'>2,</span> <span class='ocrx_word' id='word_1_169' title='bbox 1249 2551 1280 2632; x_wconf 87' lang='lat'>4,</span> <span class='ocrx_word' id='word_1_170' title='bbox 1296 2549 1318 2613; x_wconf 85' lang='lat'>4</span> 
     </span>
     <span class='ocr_line' id='line_1_22' title="bbox 242 2653 1318 2738; baseline -0.004 -18"><span class='ocrx_word' id='word_1_171' title='bbox 242 2655 396 2720; x_wconf 91' lang='lat' dir='ltr'>consules</span> <span class='ocrx_word' id='word_1_172' title='bbox 419 2657 498 2720; x_wconf 91' lang='lat' dir='ltr'>anni</span> <span class='ocrx_word' id='word_1_173' title='bbox 521 2657 598 2736; x_wconf 85' lang='lat'>698,</span> <span class='ocrx_word' id='word_1_174' title='bbox 634 2662 670 2720; x_wconf 91' lang='lat' dir='ltr'>ut</span> <span class='ocrx_word' id='word_1_175' title='bbox 693 2657 830 2722; x_wconf 91' lang='lat' dir='ltr'>comitia</span> <span class='ocrx_word' id='word_1_176' title='bbox 855 2656 1081 2738; x_wconf 89' lang='lat' dir='ltr'>prohiberent,</span> <span class='ocrx_word' id='word_1_177' title='bbox 1109 2654 1244 2718; x_wconf 89' lang='lat' dir='ltr'>Latinas</span> <span class='ocrx_word' id='word_1_178' title='bbox 1268 2653 1318 2716; x_wconf 92' lang='lat' dir='ltr'>in-</span> 
     </span>
     <span class='ocr_line' id='line_1_23' title="bbox 241 2753 1000 2844; baseline 0 -22"><span class='ocrx_word' id='word_1_179' title='bbox 241 2763 392 2822; x_wconf 89' lang='lat' dir='ltr'>staurare</span> <span class='ocrx_word' id='word_1_180' title='bbox 414 2756 467 2823; x_wconf 86' lang='lat' dir='ltr'>vel</span> <span class='ocrx_word' id='word_1_181' title='bbox 489 2759 732 2824; x_wconf 84' lang='lat' dir='ltr'>instauraturus</span> <span class='ocrx_word' id='word_1_182' title='bbox 757 2777 831 2824; x_wconf 91' lang='lat' dir='ltr'>esse</span> <span class='ocrx_word' id='word_1_183' title='bbox 854 2753 1000 2844; x_wconf 79' lang='lat' dir='ltr'>tradit⁸).</span> 
     </span>
    </p>
   </div>
   <div class='ocr_carea' id='block_1_3' title="bbox 240 2872 1319 3670">
    <p class='ocr_par' dir='ltr' id='par_1_3' title="bbox 240 2872 1319 3670">
     <span class='ocr_line' id='line_1_24' title="bbox 308 2872 1317 2958; baseline -0.004 -18"><span class='ocrx_word' id='word_1_184' title='bbox 308 2873 374 2940; x_wconf 91' lang='lat' dir='ltr'>Sed</span> <span class='ocrx_word' id='word_1_185' title='bbox 390 2893 457 2939; x_wconf 91' lang='lat' dir='ltr'>non</span> <span class='ocrx_word' id='word_1_186' title='bbox 475 2873 581 2940; x_wconf 92' lang='lat' dir='ltr'>solum</span> <span class='ocrx_word' id='word_1_187' title='bbox 598 2875 689 2940; x_wconf 82' lang='lat' dir='ltr'>lovis</span> <span class='ocrx_word' id='word_1_188' title='bbox 711 2875 877 2958; x_wconf 84' lang='lat' dir='ltr'>placandi.</span> <span class='ocrx_word' id='word_1_189' title='bbox 903 2875 962 2940; x_wconf 90' lang='lat' dir='ltr'>sed</span> <span class='ocrx_word' id='word_1_190' title='bbox 986 2874 1087 2940; x_wconf 89' lang='lat' dir='ltr'>etiam</span> <span class='ocrx_word' id='word_1_191' title='bbox 1111 2873 1174 2939; x_wconf 92' lang='lat' dir='ltr'>deo</span> <span class='ocrx_word' id='word_1_192' title='bbox 1189 2872 1317 2954; x_wconf 90' lang='lat' dir='ltr'>gratiae</span> 
     </span>
     <span class='ocr_line' id='line_1_25' title="bbox 240 2975 1316 3059; baseline -0.001 -18"><span class='ocrx_word' id='word_1_193' title='bbox 240 2975 434 3042; x_wconf 81' lang='lat' dir='ltr'>referendae</span> <span class='ocrx_word' id='word_1_194' title='bbox 470 2997 573 3044; x_wconf 87' lang='lat' dir='ltr'>causa</span> <span class='ocrx_word' id='word_1_195' title='bbox 616 2977 716 3044; x_wconf 88' lang='lat' dir='ltr'>ferias</span> <span class='ocrx_word' id='word_1_196' title='bbox 758 2979 923 3044; x_wconf 91' lang='lat' dir='ltr'>interdum</span> <span class='ocrx_word' id='word_1_197' title='bbox 964 2979 1205 3059; x_wconf 87' lang='lat' dir='ltr'>redintegratas</span> <span class='ocrx_word' id='word_1_198' title='bbox 1241 2992 1316 3040; x_wconf 91' lang='lat' dir='ltr'>esse</span> 
     </span>
     <span class='ocr_line' id='line_1_26' title="bbox 240 3077 1319 3168; baseline -0.002 -25"><span class='ocrx_word' id='word_1_199' title='bbox 240 3080 405 3145; x_wconf 91' lang='lat' dir='ltr'>nonnullis</span> <span class='ocrx_word' id='word_1_200' title='bbox 428 3080 511 3145; x_wconf 87' lang='lat' dir='ltr'>locis</span> <span class='ocrx_word' id='word_1_201' title='bbox 535 3077 801 3168; x_wconf 71' lang='lat' dir='ltr'>comperimus4).</span> <span class='ocrx_word' id='word_1_202' title='bbox 832 3081 930 3148; x_wconf 92' lang='lat' dir='ltr'>Velut</span> <span class='ocrx_word' id='word_1_203' title='bbox 957 3082 1066 3146; x_wconf 91' lang='lat' dir='ltr'>Livius</span> <span class='ocrx_word' id='word_1_204' title='bbox 1091 3078 1144 3160; x_wconf 80' lang='lat'>45,</span> <span class='ocrx_word' id='word_1_205' title='bbox 1170 3083 1200 3160; x_wconf 85' lang='lat'>3,</span> <span class='ocrx_word' id='word_1_206' title='bbox 1224 3083 1319 3161; x_wconf 91' lang='lat' dir='ltr'>post-</span> 
     </span>
     <span class='ocr_line' id='line_1_27' title="bbox 243 3181 1317 3265; baseline -0.001 -21"><span class='ocrx_word' id='word_1_207' title='bbox 243 3200 342 3262; x_wconf 90' lang='lat' dir='ltr'>quam</span> <span class='ocrx_word' id='word_1_208' title='bbox 376 3182 417 3244; x_wconf 90' lang='lat' dir='ltr'>de</span> <span class='ocrx_word' id='word_1_209' title='bbox 447 3182 569 3247; x_wconf 88' lang='lat' dir='ltr'>Perseo</span> <span class='ocrx_word' id='word_1_210' title='bbox 598 3188 631 3246; x_wconf 91' lang='lat' dir='ltr'>et</span> <span class='ocrx_word' id='word_1_211' title='bbox 661 3183 778 3265; x_wconf 83' lang='lat' dir='ltr'>illyriis</span> <span class='ocrx_word' id='word_1_212' title='bbox 808 3182 852 3247; x_wconf 90' lang='lat' dir='ltr'>ab</span> <span class='ocrx_word' id='word_1_213' title='bbox 879 3182 1019 3248; x_wconf 87' lang='lat' dir='ltr'>Aemilio</span> <span class='ocrx_word' id='word_1_214' title='bbox 1047 3182 1150 3247; x_wconf 90' lang='lat' dir='ltr'>Paulo</span> <span class='ocrx_word' id='word_1_215' title='bbox 1178 3181 1317 3246; x_wconf 88' lang='lat' dir='ltr'>devictis</span> 
     </span>
     <span class='ocr_line' id='line_1_28' title="bbox 240 3281 1316 3366; baseline 0 -21"><span class='ocrx_word' id='word_1_216' title='bbox 240 3281 344 3348; x_wconf 87' lang='lat' dir='ltr'>verba</span> <span class='ocrx_word' id='word_1_217' title='bbox 367 3281 454 3364; x_wconf 89' lang='lat' dir='ltr'>lecit,</span> <span class='ocrx_word' id='word_1_218' title='bbox 486 3283 576 3348; x_wconf 92' lang='lat' dir='ltr'>hunc</span> <span class='ocrx_word' id='word_1_219' title='bbox 599 3284 634 3347; x_wconf 93' lang='lat' dir='ltr'>in</span> <span class='ocrx_word' id='word_1_220' title='bbox 660 3284 795 3349; x_wconf 92' lang='lat' dir='ltr'>modum</span> <span class='ocrx_word' id='word_1_221' title='bbox 819 3285 936 3366; x_wconf 90' lang='lat' dir='ltr'>pergit:</span> <span class='ocrx_word' id='word_1_222' title='bbox 968 3283 1021 3364; x_wconf 95' lang='lat' dir='ltr'>,ob</span> <span class='ocrx_word' id='word_1_223' title='bbox 1046 3302 1104 3348; x_wconf 83' lang='lat' dir='ltr'>eas</span> <span class='ocrx_word' id='word_1_224' title='bbox 1128 3300 1182 3347; x_wconf 87' lang='lat' dir='ltr'>res</span> <span class='ocrx_word' id='word_1_225' title='bbox 1205 3287 1316 3363; x_wconf 86' lang='lat' dir='ltr'>gestas</span> 
     </span>
     <span class='ocr_line' id='line_1_29' title="bbox 242 3383 1316 3467; baseline -0.001 -20"><span class='ocrx_word' id='word_1_226' title='bbox 242 3384 341 3448; x_wconf 91' lang='lat' dir='ltr'>ductu</span> <span class='ocrx_word' id='word_1_227' title='bbox 365 3385 579 3467; x_wconf 89' lang='lat' dir='ltr'>auspicioque</span> <span class='ocrx_word' id='word_1_228' title='bbox 601 3385 636 3450; x_wconf 86' lang='lat' dir='ltr'>L.</span> <span class='ocrx_word' id='word_1_229' title='bbox 661 3385 758 3450; x_wconf 91' lang='lat' dir='ltr'>Anici</span> <span class='ocrx_word' id='word_1_230' title='bbox 781 3385 944 3467; x_wconf 90' lang='lat' dir='ltr'>praetoris</span> <span class='ocrx_word' id='word_1_231' title='bbox 968 3390 1105 3449; x_wconf 91' lang='lat' dir='ltr'>senatus</span> <span class='ocrx_word' id='word_1_232' title='bbox 1122 3385 1156 3447; x_wconf 93' lang='lat' dir='ltr'>in</span> <span class='ocrx_word' id='word_1_233' title='bbox 1172 3383 1316 3448; x_wconf 90' lang='lat' dir='ltr'>triduom</span> 
     </span>
     <span class='ocr_line' id='line_1_30' title="bbox 241 3486 1318 3569; baseline -0.001 -19"><span class='ocrx_word' id='word_1_234' title='bbox 241 3486 498 3569; x_wconf 89' lang='lat' dir='ltr'>supplicationes</span> <span class='ocrx_word' id='word_1_235' title='bbox 528 3489 683 3552; x_wconf 89' lang='lat' dir='ltr'>decrevit.</span> <span class='ocrx_word' id='word_1_236' title='bbox 715 3488 833 3553; x_wconf 92' lang='lat' dir='ltr'>iterum</span> <span class='ocrx_word' id='word_1_237' title='bbox 857 3488 995 3552; x_wconf 88' lang='lat' dir='ltr'>Latinae</span> <span class='ocrx_word' id='word_1_238' title='bbox 1026 3487 1155 3551; x_wconf 90' lang='lat' dir='ltr'>edictae</span> <span class='ocrx_word' id='word_1_239' title='bbox 1185 3505 1206 3550; x_wconf 94' lang='lat' dir='ltr'>a</span> <span class='ocrx_word' id='word_1_240' title='bbox 1238 3504 1318 3550; x_wconf 90' lang='lat' dir='ltr'>con-</span> 
     </span>
     <span class='ocr_line' id='line_1_31' title="bbox 246 3586 1318 3670; baseline -0.003 -19"><span class='ocrx_word' id='word_1_241' title='bbox 246 3587 316 3652; x_wconf 92' lang='lat' dir='ltr'>sule</span> <span class='ocrx_word' id='word_1_242' title='bbox 340 3593 442 3652; x_wconf 89' lang='lat' dir='ltr'>sunt.</span> <span class='ocrx_word' id='word_1_243' title='bbox 465 3637 472 3652; x_wconf 91' lang='lat'><strong>.</strong></span> <span class='ocrx_word' id='word_1_244' title='bbox 494 3641 501 3656; x_wconf 92' lang='lat'><strong>.</strong></span> <span class='ocrx_word' id='word_1_245' title='bbox 523 3637 530 3652; x_wconf 90' lang='lat'><strong>.</strong></span> <span class='ocrx_word' id='word_1_246' title='bbox 552 3587 571 3669; x_wconf 89' lang='lat'>,’</span> <span class='ocrx_word' id='word_1_247' title='bbox 595 3589 656 3654; x_wconf 90' lang='lat' dir='ltr'>Dio</span> <span class='ocrx_word' id='word_1_248' title='bbox 680 3595 791 3654; x_wconf 90' lang='lat' dir='ltr'>autem</span> <span class='ocrx_word' id='word_1_249' title='bbox 815 3589 869 3670; x_wconf 78' lang='lat'>55,</span> <span class='ocrx_word' id='word_1_250' title='bbox 894 3590 914 3652; x_wconf 85' lang='lat'>2</span> <span class='ocrx_word' id='word_1_251' title='bbox 939 3591 980 3654; x_wconf 89' lang='lat' dir='ltr'>de</span> <span class='ocrx_word' id='word_1_252' title='bbox 1003 3589 1110 3668; x_wconf 88' lang='lat' dir='ltr'>Drusi,</span> <span class='ocrx_word' id='word_1_253' title='bbox 1136 3586 1318 3652; x_wconf 91' lang='lat' dir='ltr'>Germano·</span> 
     </span>
    </p>
   </div>
   <div class='ocr_carea' id='block_1_4' title="bbox 304 3894 997 4050">
    <p class='ocr_par' dir='ltr' id='par_1_4' title="bbox 304 3894 997 4050">
     <span class='ocr_line' id='line_1_32' title="bbox 304 3894 481 3966; baseline 0 -16"><span class='ocrx_word' id='word_1_254' title='bbox 304 3895 323 3966; x_wconf 88' lang='lat'>¹)</span> <span class='ocrx_word' id='word_1_255' title='bbox 346 3895 380 3950; x_wconf 84' lang='lat' dir='ltr'>ci.</span> <span class='ocrx_word' id='word_1_256' title='bbox 399 3894 481 3950; x_wconf 85' lang='lat' dir='ltr'>inira.</span> 
     </span>
     <span class='ocr_line' id='line_1_33' title="bbox 305 3980 997 4050; baseline 0 -14"><span class='ocrx_word' id='word_1_257' title='bbox 305 3980 326 4050; x_wconf 60' lang='grc'>2)</span> <span class='ocrx_word' id='word_1_258' title='bbox 346 3999 379 4036; x_wconf 84' lang='lat' dir='ltr'>ea</span> <span class='ocrx_word' id='word_1_259' title='bbox 396 3981 450 4036; x_wconf 86' lang='lat' dir='ltr'>hac</span> <span class='ocrx_word' id='word_1_260' title='bbox 467 3980 495 4035; x_wconf 93' lang='lat' dir='ltr'>in</span> <span class='ocrx_word' id='word_1_261' title='bbox 516 3980 675 4036; x_wconf 87' lang='lat' dir='ltr'>condicione</span> <span class='ocrx_word' id='word_1_262' title='bbox 694 3980 838 4036; x_wconf 85' lang='lat' dir='ltr'>sollemnia</span> <span class='ocrx_word' id='word_1_263' title='bbox 856 3982 916 4036; x_wconf 84' lang='lat' dir='ltr'>crat</span> <span class='ocrx_word' id='word_1_264' title='bbox 934 3999 997 4036; x_wconf 84' lang='lat' dir='ltr'>vox.</span> 
     </span>
    </p>
   </div>
   <div class='ocr_carea' id='block_1_5' title="bbox 303 4065 1321 4224">
    <p class='ocr_par' dir='ltr' id='par_1_5' title="bbox 303 4065 1321 4224">
     <span class='ocr_line' id='line_1_34' title="bbox 303 4065 604 4137; baseline 0 -17"><span class='ocrx_word' id='word_1_265' title='bbox 303 4065 325 4137; x_wconf 64' lang='grc'>8)</span> <span class='ocrx_word' id='word_1_266' title='bbox 344 4067 379 4121; x_wconf 90' lang='lat' dir='ltr'>cl.</span> <span class='ocrx_word' id='word_1_267' title='bbox 398 4065 478 4120; x_wconf 90' lang='lat' dir='ltr'>Dion.</span> <span class='ocrx_word' id='word_1_268' title='bbox 498 4069 541 4128; x_wconf 85' lang='grc'>39,</span> <span class='ocrx_word' id='word_1_269' title='bbox 561 4068 604 4124; x_wconf 88' lang='lat'>30.</span> 
     </span>
     <span class='ocr_line' id='line_1_35' title="bbox 306 4150 1321 4224; baseline 0.001 -20"><span class='ocrx_word' id='word_1_270' title='bbox 306 4150 329 4222; x_wconf 87' lang='lat'>⁴)</span> <span class='ocrx_word' id='word_1_271' title='bbox 347 4150 392 4206; x_wconf 89' lang='lat' dir='ltr'>his</span> <span class='ocrx_word' id='word_1_272' title='bbox 411 4151 444 4205; x_wconf 85' lang='lat' dir='ltr'>de</span> <span class='ocrx_word' id='word_1_273' title='bbox 463 4150 532 4206; x_wconf 86' lang='lat' dir='ltr'>locis</span> <span class='ocrx_word' id='word_1_274' title='bbox 551 4150 691 4220; x_wconf 82' lang='lat' dir='ltr'>sagaciter</span> <span class='ocrx_word' id='word_1_275' title='bbox 710 4151 865 4224; x_wconf 84' lang='lat' dir='ltr'>disputavit</span> <span class='ocrx_word' id='word_1_276' title='bbox 884 4152 1073 4206; x_wconf 84' lang='lat' dir='ltr'>Mommsenus</span> <span class='ocrx_word' id='word_1_277' title='bbox 1091 4151 1119 4206; x_wconf 92' lang='lat' dir='ltr'>in</span> <span class='ocrx_word' id='word_1_278' title='bbox 1132 4152 1253 4206; x_wconf 84' lang='lat' dir='ltr'>Hermae</span> <span class='ocrx_word' id='word_1_279' title='bbox 1265 4150 1321 4204; x_wconf 86' lang='lat' dir='ltr'>vol.</span> 
     </span>
    </p>
   </div>
   <div class='ocr_carea' id='block_1_6' title="bbox 246 4235 1093 4310">
    <p class='ocr_par' dir='ltr' id='par_1_6' title="bbox 246 4235 1093 4310">
     <span class='ocr_line' id='line_1_36' title="bbox 246 4235 1093 4310; baseline 0 -20"><span class='ocrx_word' id='word_1_280' title='bbox 246 4236 272 4290; x_wconf 91' lang='lat' dir='ltr'>V</span> <span class='ocrx_word' id='word_1_281' title='bbox 291 4255 316 4308; x_wconf 88' lang='lat' dir='ltr'>p.</span> <span class='ocrx_word' id='word_1_282' title='bbox 335 4237 388 4294; x_wconf 80' lang='lat'>383</span> <span class='ocrx_word' id='word_1_283' title='bbox 407 4253 466 4308; x_wconf 85' lang='lat' dir='ltr'>sqq.</span> <span class='ocrx_word' id='word_1_284' title='bbox 486 4239 515 4292; x_wconf 90' lang='lat' dir='ltr'>ct</span> <span class='ocrx_word' id='word_1_285' title='bbox 533 4235 561 4292; x_wconf 90' lang='lat' dir='ltr'>in</span> <span class='ocrx_word' id='word_1_286' title='bbox 580 4240 686 4309; x_wconf 82' lang='lat' dir='ltr'>quaest.</span> <span class='ocrx_word' id='word_1_287' title='bbox 705 4237 784 4292; x_wconf 79' lang='lat' dir='ltr'>Rom.</span> <span class='ocrx_word' id='word_1_288' title='bbox 805 4236 860 4293; x_wconf 88' lang='lat' dir='ltr'>vol.</span> <span class='ocrx_word' id='word_1_289' title='bbox 880 4237 906 4290; x_wconf 95' lang='lat' dir='ltr'>ll</span> <span class='ocrx_word' id='word_1_290' title='bbox 915 4255 978 4310; x_wconf 84' lang='lat' dir='ltr'>pag.</span> <span class='ocrx_word' id='word_1_291' title='bbox 994 4239 1043 4295; x_wconf 86' lang='lat'>105</span> <span class='ocrx_word' id='word_1_292' title='bbox 1053 4254 1093 4307; x_wconf 85' lang='lat' dir='ltr'>sq.</span> 
     </span>
    </p>
   </div>
   <div class='ocr_carea' id='block_1_7' title="bbox 0 0 1584 5116">
    <p class='ocr_par' dir='ltr' id='par_1_7' title="bbox 0 0 1584 5116">
     <span class='ocr_line' id='line_1_37' title="bbox 0 0 1584 5116; baseline 0 1"><span class='ocrx_word' id='word_1_293' title='bbox 0 0 1584 5116; x_wconf 95' lang='lat' dir='ltr'> </span> 
     </span>
    </p>
   </div>
  </div>
 </body>
</html>
