3158 5116
815 497 851 552 28

296 646 488 711 sacerdotes
503 645 729 728 municipales,
754 645 946 729 plerumque
965 645 1090 711 ordinis
1114 645 1275 728 equestris
1299 643 1367 708 lue-

296 746 403 834 rint¹).
428 748 538 828 Quare
560 749 718 832 quoniam
742 765 879 814 munere
904 747 1099 828 caletorum,
1124 749 1178 831 qui
1200 748 1234 812 in
1251 747 1365 831 quovis

296 870 395 916 sacro
419 850 572 916 obeundo
595 849 824 916 sacerdotibus
849 851 999 932 aderant,
1025 848 1114 932 iungi
1136 850 1288 916 solebant
1311 856 1368 915 aut

296 955 404 1021 liberti
435 962 493 1021 aut
519 955 671 1020 homines
705 954 839 1036 ignobili
867 954 941 1020 loco
977 955 1057 1036 nati,
1095 954 1304 1019 Bormannus
1338 961 1369 1016 et

298 1053 506 1140 Henzenus¹)
529 1057 640 1121 titulos
651 1056 704 1136 Vl,
718 1057 807 1120 2019
820 1075 841 1121 a
854 1063 887 1119 ct
903 1055 923 1119 b
938 1053 993 1138 (=
1004 1055 1086 1136 xlv,
1104 1055 1192 1120 2245
1208 1061 1241 1120 et
1256 1053 1368 1138 2246),

297 1159 493 1240 praesertim
518 1177 593 1222 cum
619 1160 652 1222 in
675 1159 727 1224 his
752 1160 888 1224 nomina
913 1159 1076 1223 nullorum
1099 1159 1163 1224 nisi
1178 1158 1369 1222 libertorum

298 1261 485 1326 enumerari
508 1261 690 1340 videantur,
726 1259 911 1326 caletorum
941 1261 1068 1326 indices
1100 1277 1175 1325 esse
1206 1260 1368 1338 iudicant;

297 1362 416 1445 quibus
446 1362 693 1428 assentiendum
730 1380 805 1428 esse
835 1369 914 1445 puto
938 1381 978 1428 eo
1003 1362 1108 1443 magis
1132 1362 1220 1445 quod
1244 1360 1371 1426 calato-

298 1483 371 1528 rum
395 1465 531 1530 nomina
555 1465 655 1530 etiam
670 1464 748 1530 alibi
763 1464 926 1530 habemus
942 1466 976 1529 in
992 1464 1113 1530 tabulis
1130 1471 1322 1530 enumerata
1333 1459 1368 1547 ³).

368 1567 407 1631 Et
436 1585 478 1631 ne
508 1567 648 1633 alteram
679 1569 810 1650 quidem
840 1570 887 1632 tit.
911 1568 964 1649 Vl,
989 1568 1077 1632 2012
1101 1569 1153 1632 vel
1177 1567 1259 1648 XlV,
1284 1565 1371 1630 2238

301 1668 490 1734 columnam
523 1669 665 1736 indicem
699 1689 773 1736 esse
803 1672 1014 1736 sacerdotum
1048 1669 1251 1736 Cabensium
1282 1675 1370 1752 puto,

301 1789 377 1835 cum
401 1789 507 1854 neque
531 1773 615 1836 alius
640 1773 757 1837 horum
782 1774 992 1838 sacerdotum
1016 1773 1114 1837 index
1138 1773 1171 1836 in
1188 1778 1299 1836 monte
1316 1789 1371 1835 re-

299 1879 411 1955 pertus
435 1875 478 1938 sit
500 1891 607 1956 neque
630 1881 754 1957 quanta
770 1876 803 1940 in
819 1877 883 1940 hac
897 1876 1052 1940 columna
1069 1876 1253 1940 invenimus
1269 1875 1371 1938 inter-

300 1975 388 2040 valla
418 1976 452 2039 in
480 1976 643 2040 indicibus
673 1995 848 2042 occurrere
879 1977 1018 2058 soleant,
1054 1996 1160 2060 neque
1190 1977 1369 2043 verisimile

300 2079 344 2142 sit
367 2079 559 2143 sacerdotes
582 2079 726 2145 voluisse
750 2081 841 2145 iuxta
865 2081 955 2162 ipsos
980 2078 1093 2161 laetos,
1125 2081 1168 2146 ad
1191 2100 1274 2164 quos
1298 2098 1373 2163 per-

301 2181 496 2248 scribendos
522 2202 641 2264 magno
667 2185 774 2266 spatio
799 2204 882 2267 opus
905 2190 985 2266 erat,
1011 2204 1072 2249 sua
1087 2185 1223 2250 nomina
1242 2183 1374 2249 eximiis

302 2284 483 2350 intervallis
507 2286 613 2352 divisa
637 2288 670 2351 in
694 2289 786 2352 aedis
809 2286 989 2370 parietibus
1018 2286 1213 2369 insculpere.
1262 2285 1373 2366 Quare

302 2387 421 2453 Rossio
451 2389 651 2454 manendum
682 2396 753 2454 erat
786 2391 819 2454 in
850 2391 1013 2454 sententia
1037 2389 1110 2470 eph.
1136 2406 1187 2470 ep.
1218 2388 1244 2452 ll
1273 2408 1303 2470 p.
1329 2387 1374 2452 99

301 2491 431 2572 prolata
455 2510 605 2572 ‚pronum
629 2493 691 2556 erit
714 2493 867 2556 conicere
889 2493 977 2556 hanc
1001 2510 1076 2556 esse
1107 2490 1296 2555 columnam
1325 2488 1372 2554 ia·

301 2598 427 2656 storum
452 2593 524 2658 aevi
550 2592 651 2658 multo
674 2595 876 2674 posterioris,
902 2592 1019 2675 quibus
1043 2591 1173 2656 suffecti
1205 2591 1372 2672 ignotique

301 2692 397 2757 nobis
428 2693 581 2758 consules
613 2694 746 2759 Latinas
777 2693 999 2759 celebrarunt:
1037 2711 1160 2776 eosque
1194 2693 1269 2758 loco
1302 2711 1371 2756 non

301 2813 362 2859 suo
386 2813 460 2860 esse
484 2796 676 2878 descriptos,
701 2797 789 2879 quod
808 2795 979 2860 deficiente
993 2797 1060 2860 iam
1084 2795 1193 2877 spatio
1216 2794 1372 2877 quicquid

300 2898 397 2964 vacui
413 2899 548 2982 parietis
565 2906 745 2982 supererat,
768 2898 964 2982 interpolata
976 2905 1162 2981 temporum
1175 2897 1260 2962 serie
1275 2897 1371 2962 novis

301 3000 462 3068 fastorum
484 3002 651 3067 laterculis
674 3001 891 3085 implebatur’.

359 3226 378 3296 ¹)
397 3225 432 3281 cf.
452 3225 605 3281 Wilmanni
630 3227 663 3281 de
687 3225 903 3281 sacerdotiorum
931 3225 1102 3297 publicorum
1130 3223 1224 3296 populi
1253 3223 1371 3278 Romani

301 3311 420 3382 quodem
439 3329 539 3382 genere
558 3331 583 3385 p.
604 3315 647 3369 54.

358 3395 379 3468 ²)
398 3401 491 3454 annot.
510 3397 544 3452 ad
563 3397 660 3453 titulos
678 3398 726 3463 vl,
745 3399 817 3453 2012
836 3400 864 3453 el
882 3399 960 3455 2019.

359 3482 380 3553 ⁸)
398 3483 477 3538 velut
493 3483 522 3538 in
542 3483 571 3538 (l.
591 3485 611 3540 l.
631 3484 661 3540 L.
680 3484 728 3549 vl,
744 3486 766 3550 1,
780 3486 851 3540 2184
864 3488 892 3539 et
904 3485 983 3549 2185,
1002 3483 1030 3538 in
1044 3484 1150 3555 eplrcnr.
1163 3483 1249 3554 epigr.
1262 3484 1317 3540 vol.
1332 3484 1373 3540 Ill

302 3585 328 3638 p.
348 3567 612 3634 claritateac,
632 3567 732 3638 quibus
749 3569 847 3624 titulos
867 3571 899 3624 31
921 3573 949 3624 et
967 3571 1002 3624 32
1021 3568 1050 3622 in
1069 3568 1181 3623 Merinii
1199 3567 1269 3622 libro
1288 3568 1372 3632 ,iscri-

297 3650 373 3704 zioni
392 3651 502 3706 antiche
521 3652 592 3706 delle
611 3653 678 3707 ville
698 3672 713 3708 e
732 3653 775 3707 dei
798 3653 904 3724 palazzi
923 3653 1032 3708 Albani'
1053 3654 1217 3708 asserendos
1236 3671 1297 3708 esse
1317 3671 1372 3707 ore·

235 3751 237 3757 ⁴
302 3735 425 3790 diderim.
