3158 5116
780 503 813 556 51

327 643 446 710 Gorius
480 645 515 708 in
549 644 803 726 inscriptionum
845 645 1002 726 antiquae
1046 645 1197 710 Etruriae
1230 643 1333 709 vol.'l

259 765 290 826 p.
319 745 360 808 21
397 745 527 808 titulum
561 745 721 809 PIsanum
757 743 868 823 edidit,
905 763 970 826 quo
995 743 1031 808 D.
1056 741 1100 828 (1)
1135 743 1293 836 Octavius
1309 741 1334 828 ι)

256 847 393 912 Priscus
416 845 604 929 praefectus
627 852 776 912 vocatur.
810 845 911 911 Cuius
934 844 1155 928 praefectura,
1181 865 1258 911 cum
1282 865 1335 911 se-

260 949 378 1016 viratni
402 950 548 1032 equitum
571 949 797 1015 Romanorum
821 949 1011 1032 praecedat,
1044 947 1258 1032 praefectura
1280 969 1336 1014 ur·

259 1051 310 1118 his
345 1053 592 1134 interpretanda
627 1058 687 1134 est,
723 1053 920 1136 praesertim
956 1072 1032 1118 cum
1067 1051 1206 1117 verbum
1236 1053 1333 1118 VRB.

258 1154 311 1220 vel
334 1154 468 1236 VRBIS,
497 1155 575 1239 quia
599 1161 677 1222 ante
701 1156 824 1223 SEVIR
847 1155 985 1222 verbum
1009 1155 1131 1222 lacuna
1154 1161 1215 1238 est,
1246 1156 1336 1222 exci-

257 1261 348 1328 disse
388 1262 546 1328 videatur.
601 1262 673 1343 Quo
709 1281 846 1328 munere
888 1262 1021 1328 militari
1063 1262 1221 1331 Octavius
1256 1268 1334 1328 ante

257 1365 502 1448 praefecturam
530 1367 661 1433 functus
686 1368 739 1449 sit,
775 1388 987 1452 quamquam,
1031 1389 1107 1434 cum
1130 1367 1243 1433 titulus
1267 1388 1335 1434 non

258 1471 385 1552 integer
413 1476 564 1536 servatus
600 1472 653 1552 sit,
689 1471 863 1536 diiudicari
898 1492 966 1537 non
1000 1477 1118 1555 potest,
1155 1472 1188 1537 id
1222 1477 1335 1537 tamen

256 1575 320 1642 sub
355 1577 499 1642 Traiano
535 1583 652 1642 contra
686 1578 829 1642 Parthos
871 1596 947 1642 eum
987 1567 1148 1643 militasse
1184 1584 1332 1660 apparet.

259 1681 351 1746 Unde
386 1679 535 1760 efficitur,
572 1685 608 1744 ut
642 1681 732 1746 circa
767 1700 892 1744 annum
918 1679 981 1744 117
1012 1700 1042 1762 p.
1068 1680 1145 1747 Chr.
1170 1700 1203 1747 n.
1238 1699 1335 1762 prae-

260 1781 365 1847 fectus
390 1782 496 1846 fuerit.
1160 1866 1162 1870 Ι

324 1884 436 1950 Altero
460 1883 620 1948 Hadriani
644 1883 831 1963 consulatu,
864 1883 968 1948 idest
991 1903 1081 1948 anno
1106 1883 1170 1948 118
1194 1903 1225 1966 p.
1251 1883 1329 1949 Chr.

257 2007 302 2067 n.,
339 1987 373 2050 L.
398 1985 581 2050 Aburnium
615 1985 790 2051 Valentem
825 1984 1030 2066 praefectum
1065 1985 1139 2050 urbi
1175 1983 1329 2050 feriarum

257 2088 451 2152 Latinarum
476 2085 578 2152 fuisse
601 2087 715 2151 titulus
740 2085 877 2150 ott.
902 2085 954 2167 Vl,
969 2087 1011 2168 Ι1,
1039 2085 1122 2150 1421
1149 2086 1238 2151 haud
1262 2105 1333 2152 am-

261 2189 358 2272 biguo
381 2191 515 2254 indicat.

325 2293 361 2358 ln
385 2292 487 2358 titulis
512 2291 548 2358 C.
574 2292 596 2357 l.
622 2293 655 2357 L.
681 2292 719 2373 X,
747 2291 776 2373 1,
808 2290 897 2356 3724
921 2298 954 2357 et
977 2292 1060 2374 XIV,
1092 2291 1180 2358 3609
1212 2293 1249 2373 Q.
1273 2295 1333 2360 So-

255 2396 344 2461 sium
368 2397 518 2462 Priscum
543 2396 772 2476 Senecionem,
807 2397 835 2460 is
860 2395 915 2480 qui
939 2417 1028 2478 auno
1053 2397 1117 2462 169
1141 2417 1171 2480 p.
1198 2397 1274 2464 Chr.
1300 2419 1333 2463 n.

256 2499 376 2565 consul
401 2499 471 2580 fnit,
496 2497 707 2582 praefectura
730 2499 822 2564 urhis
847 2498 1003 2564 feriarum
1020 2500 1212 2566 Latinarum
1238 2499 1333 2566 func-

252 2608 327 2668 tum
351 2620 426 2668 esse
449 2608 654 2668 memoratur
668 2599 702 2686 ²).
748 2601 856 2684 Atque
880 2621 956 2667 cum
982 2602 1029 2666 tit.
1054 2602 1097 2666 ib.
1116 2603 1168 2684 Vl,
1196 2604 1333 2684 1,1490

255 2723 347 2770 anno
372 2703 437 2769 180
459 2725 490 2787 p.
517 2704 593 2770 Chr.
619 2724 652 2768 n.
677 2704 731 2768 63.
755 2705 844 2769 ritae
869 2724 958 2770 anno
981 2723 1055 2770 eum
1072 2710 1238 2770 mortuum
1255 2723 1330 2771 csse

259 2807 388 2888 doceat,
413 2827 479 2873 non
503 2813 580 2872 ante
604 2827 729 2873 annum
754 2806 817 2872 132
843 2826 882 2873 eo
906 2807 1033 2873 honore
1062 2807 1153 2871 illum
1179 2825 1253 2872 esse
1277 2825 1332 2871 or·

257 2915 372 2976 natum
396 2917 534 2993 apparet
548 2906 582 2996 ³).
659 2955 661 2962 -

327 3012 664 3080 Animadvertendum
701 3032 799 3095 porro
835 3018 886 3077 est
909 3014 953 3078 ad
977 3013 1153 3096 Capitolini
1176 3014 1264 3080 vitae
1288 3014 1330 3079 M.

261 3116 417 3181 Antonini
440 3116 632 3199 Philosophi
657 3122 757 3198 caput
780 3115 812 3195 4,
837 3115 894 3180 ubi
918 3122 1013 3181 sunt:
1047 3117 1197 3197 ,Virilem
1221 3123 1332 3198 togam

254 3219 399 3301 sumpsit
422 3219 537 3301 quinto
562 3219 691 3283 decimo
716 3218 837 3282 aetatis
861 3237 960 3298 anno,
986 3219 1164 3301 statimque
1188 3219 1218 3283 ei
1238 3219 1330 3284 Lucii

263 3320 389 3386 Ceionii
414 3320 586 3386 Commodi
618 3320 684 3384 filia
708 3320 911 3401 desponsata
947 3325 998 3384 est
1033 3339 1095 3384 nec
1131 3320 1233 3384 multo
1257 3326 1333 3402 post

259 3420 447 3504 praelectus
474 3419 630 3486 feriarum
656 3422 849 3486 Latinarum
881 3419 966 3486 fuit’.
1013 3422 1128 3504 Neque
1152 3422 1249 3503 igitur
1273 3423 1333 3488 du-

256 3513 351 3589 bium
381 3530 441 3604 est,
477 3525 556 3606 quin
587 3523 628 3588 Ill.
654 3523 818 3604 Aurelius,
854 3524 1011 3606 quoniam
1044 3530 1122 3590 ante
1147 3525 1233 3589 diem
1257 3543 1333 3590 sex-

317 3764 336 3834 ¹)
362 3764 395 3818 da
423 3763 486 3819 aliis
514 3763 648 3830 Octaviis,
677 3764 724 3835 qui
752 3763 829 3819 cives
857 3763 952 3820 PIsani
979 3765 1100 3830 fuorunt,
1129 3765 1163 3820 of.
1193 3765 1222 3819 0.
1251 3766 1272 3820 I.
1302 3765 1331 3820 L.

314 3933 335 4004 ²)
355 3933 440 3990 Cuius
458 3936 648 4006 praefecturae
668 3933 752 3990 ctiam
770 3935 799 3990 in
817 3935 861 3991 tit.
874 3935 949 4000 XIV,
968 3937 1039 3991 2803
1059 3937 1141 3990 versu
1160 3937 1240 3990 sexto
1259 3953 1333 3989 nuno

255 4019 387 4074 mutilato
406 4020 574 4074 mentionem
593 4021 697 4074 factam
717 4038 778 4074 csso
796 4039 883 4092 prona
902 4023 945 4075 cst
963 4017 1093 4092 suspicio.

316 4102 337 4174 ⁸)
356 4104 427 4174 quod
450 4104 628 4158 confirmatur
647 4104 690 4159 tit.
710 4105 784 4170 XIV,
804 4107 889 4168 aaut:
919 4105 1014 4160 eodem
1043 4103 1071 4158 in
1099 4103 1143 4159 tit.
1162 4104 1237 4170 XIV,
1262 4107 1332 4160 3609

257 4205 343 4242 versu
367 4187 471 4244 decimo
498 4188 581 4244 tertio
608 4206 663 4244 non
692 4188 813 4258 ,Augg.',
842 4190 891 4244 sod
920 4189 1014 4259 ‚Augd
1042 4188 1217 4244 scribendum
1245 4188 1333 4243 fuisso

258 4271 437 4328 nrnuifeatum
457 4273 496 4328 fit.
