3158 5116
797 481 833 538 88

279 627 315 690 in
337 625 435 690 rebus
459 625 605 691 maxime
627 624 779 707 turbatis,
813 625 932 710 quibus
957 625 1023 692 alia
1047 644 1177 710 quoque
1200 627 1351 692 inaudite

280 724 446 815 fiebant1),
471 729 579 812 posita
603 728 730 794 ridetur
755 725 866 796 tuisse.

347 831 471 899 Verum
494 851 570 898 cum
595 851 683 898 anno
707 831 773 898 720
797 830 897 898 lerias
922 832 1026 899 Dione
1047 839 1194 916 auctore,
1220 835 1275 918 qui
1290 853 1351 901 eus

281 941 458 1020 postquam
482 936 569 1002 diem
601 934 721 1002 festum
744 936 882 1002 Veneris
907 934 1089 1002 Genetricis
1099 934 1124 1022 ²)
1148 957 1352 1004 commemo-

282 1040 368 1104 ravit
391 1044 424 1104 et
452 1040 644 1122 priusquam
668 1039 780 1120 Lepidi
804 1039 910 1104 Paulli
939 1040 1084 1106 consulis
1093 1037 1118 1125 ⁸)
1149 1041 1352 1107 mentionem

283 1139 369 1221 lecit,
400 1141 583 1207 narrationi
614 1138 796 1227 inseruit⁴)‚
826 1159 940 1208 mense
963 1141 1067 1224 Aprili
1097 1149 1155 1207 aut
1177 1143 1266 1208 Maio
1294 1149 1355 1208 aut

283 1243 381 1308 Junio
405 1240 508 1308 luisse
531 1248 691 1325 appareat
715 1248 856 1325 etcum,
881 1243 969 1325 quod
992 1262 1158 1336 summum
1186 1251 1245 1326 est,
1281 1263 1354 1309 om-

284 1346 381 1412 nibus
412 1345 602 1412 Latinarum
636 1344 731 1412 lastis
755 1346 799 1412 ad
821 1346 1059 1429 imperatorum
1082 1353 1228 1414 aetatem
1251 1349 1355 1431 perti-

284 1445 470 1534 nentibus⁶)
494 1449 621 1514 aestivo
644 1450 852 1532 potissimum
876 1456 1025 1532 tempore
1049 1468 1107 1515 eas
1131 1450 1263 1515 habitas
1278 1468 1356 1516 esse

286 1551 494 1616 ostendatur:
519 1551 711 1616 Latinarum
735 1552 816 1630 dies,
841 1570 927 1634 quae
950 1550 1111 1618 bellorum
1136 1553 1282 1616 cirillum
1297 1571 1354 1618 ae·

284 1658 354 1716 tate
377 1653 464 1716 intra
487 1653 566 1716 anni
589 1654 733 1734 spatium
755 1653 852 1717 valde
875 1654 1000 1718 laetata
1025 1659 1106 1735 erat,
1130 1659 1201 1718 tum
1217 1661 1356 1719 senatus

286 1753 418 1818 decreto
448 1753 501 1818 vel
532 1752 687 1818 Caesaris
722 1752 896 1820 Octaviani
932 1755 1039 1821 edicto
1075 1755 1183 1821 denuo
1217 1758 1354 1822 tandem

287 1855 417 1922 firmata
437 1857 535 1939 inque
548 1857 675 1921 aestivo
687 1856 819 1939 quidem
842 1862 991 1938 tempore
1014 1858 1193 1922 constituta
1217 1876 1292 1923 esse
1307 1860 1357 1924 vi-

288 1959 391 2022 detur.
416 1957 552 2022 Aestate
574 1975 653 2022 vero
678 1976 737 2022 eur
762 1955 862 2023 ferias
886 1956 955 2022 fieri
978 1958 1152 2040 placuerit:
1179 1958 1356 2024 etsollem-

287 2061 383 2125 nitati
406 2059 630 2142 hilaritatique
653 2065 816 2125 aestatem
840 2061 945 2142 magis
965 2080 1064 2144 quam
1081 2061 1200 2126 hiemis
1218 2059 1319 2142 frigus
1329 2057 1355 2145 6)

289 2164 486 2228 convenisse
509 2163 696 2227 censuerim
721 2167 753 2227 et
777 2162 968 2228 consulibus
996 2181 1035 2228 eo
1059 2165 1126 2230 iam
1149 2170 1299 2246 tempore
1322 2165 1356 2228 iu

288 2266 369 2332 urbe
385 2284 558 2332 remanere
573 2265 703 2348 licebat,
726 2284 802 2331 cum
817 2267 877 2332 viri
894 2267 1039 2333 maxime
1055 2267 1199 2350 insignes
1215 2266 1358 2351 bellique

287 2371 383 2456 periti
406 2370 493 2434 bella
516 2374 675 2451 gererent.

784 2605 857 2688 §a

382 2749 425 2816 Ite
448 2747 547 2816 feriis
571 2749 701 2818 latinis
726 2749 928 2826 instauratis
953 2752 986 2817 et
1010 2747 1260 2834 redintegratis.

356 2933 491 2999 Duabus
524 2935 565 2998 de
599 2935 710 3000 causis
742 2933 844 3000 leriae
866 2934 1007 3001 Latinae
1030 2933 1246 3015 redintegrari
1271 2931 1358 2996 sole·

288 3037 386 3104 bant:
424 3034 490 3102 aut'
505 3038 593 3120 quod
609 3038 688 3102 mali
708 3037 831 3120 aliquid
845 3039 879 3101 in
896 3038 1021 3102 Latinis
1036 3036 1251 3102 sollemnibus
1268 3035 1358 3099 aeci-

288 3141 392 3220 derat,
428 3140 499 3204 sive
530 3159 596 3204 uon
626 3141 688 3205 rite
718 3145 814 3205 erant
845 3133 1059 3222 conceptae')
1090 3138 1160 3202 sive
1191 3138 1225 3200 in
1256 3154 1359 3201 earne

289 3241 514 3306 distribuenda
523 3235 549 3326 ⁸)
566 3245 629 3327 aut
652 3243 686 3306 in
710 3242 804 3307 donis
828 3240 1005 3307 offerendis
1019 3236 1044 3325 9)
1061 3239 1183 3322 aliquid
1199 3238 1268 3303 vitii
1286 3243 1360 3302 erat

290 3345 515 3425 commissum,
540 3345 610 3409 sive
633 3349 831 3427 tempestate
854 3343 931 3409 illae
947 3349 1042 3408 erant
1064 3341 1218 3407 turbatae
1226 3336 1275 3425 10),
1301 3345 1359 3405 aut

289 3448 377 3530 quod
400 3466 556 3528 magnum
580 3447 716 3513 deorum
740 3446 936 3512 beneficium
960 3447 1008 3511 rei
1030 3444 1184 3528 publicae
1208 3443 1356 3508 oblatum

290 3566 364 3613 esse
393 3548 577 3630 ridebatur,
614 3550 684 3614 sire
719 3551 849 3631 egregia
881 3550 1021 3614 victoria
1056 3553 1128 3612 erat
1161 3551 1258 3628 parta
1287 3545 1358 3610 sive

291 3649 406 3716 foedus
429 3657 709 3732 peropportunum
732 3657 867 3733 paetum
891 3652 961 3716 sive
984 3648 1167 3732 perieulum
1196 3667 1217 3712 a
1240 3665 1276 3712 re
1299 3666 1359 3728 pu-

347 3837 366 3908 1)
386 3837 420 3892 of.
440 3836 520 3890 Dion.
539 3837 582 3900 39,
607 3837 655 3900 30;
682 3836 792 3900 41,14;
818 3837 861 3899 43,
881 3836 928 3899 48;
957 3835 1000 3898 49,
1022 3835 1054 3888 16
1074 3835 1103 3886 et
1120 3834 1163 3888 42.
1193 3862 1227 3870 -
1257 3829 1278 3900 2)
1296 3829 1360 3885 Kal.

289 3920 431 3994 Aprilibus
450 3923 518 3985 orat,
537 3920 571 3974 ei.
592 3918 672 3974 Ouid.
690 3919 755 3974 fast.
774 3918 821 3984 lV,
841 3923 854 3974 1
874 3936 934 3990 sqq.
961 3949 994 3958 —
1025 3917 1046 3988 ³)
1064 3917 1089 3972 is
1108 3916 1169 3972 Kal.
1189 3915 1271 3971 Juliis
1297 3933 1360 3970 eon-

289 4005 411 4062 sulatum
429 4003 501 4058 iniit.
520 4033 554 4043 -
574 4004 596 4074 ‘l
615 4004 666 4058 Ilio
686 4006 729 4069 49,
748 4005 791 4068 42,
812 4007 835 4059 1.
852 4033 885 4044 —-
900 4003 922 4070 ὑ)
941 4002 970 4058 0.
989 4003 1010 4058 Ι.
1026 4002 1054 4056 L.
1069 4001 1116 4066 Vl,
1139 4005 1161 4068 1,
1181 4001 1360 4057 2014-2018

290 4116 323 4140 =
340 4089 416 4154 xlv,
435 4089 586 4146 2240-44.
602 4119 638 4131 —-
658 4088 679 4160 8)
695 4090 732 4144 of.
753 4088 809 4144 cic.
829 4089 862 4143 de
881 4089 936 4144 div.
955 4089 976 4154 I,
997 4088 1125 4156 11.-7)
1143 4088 1178 4142 of.
1197 4085 1256 4141 Liv.
1270 4086 1305 4150 V,
1327 4088 1359 4142 17

291 4178 372 4233 atla
397 4178 426 4229 et
443 4175 516 4230 Plut.
536 4173 611 4229 (lam.
630 4177 655 4230 4.
684 4205 718 4214 -
747 4171 768 4244 8)
788 4174 822 4228 of.
841 4173 901 4228 niv.
920 4175 964 4238 32,
990 4175 1052 4228 let
1070 4173 1113 4236 37,
1141 4172 1166 4226 3.
1195 4200 1229 4210 -
1259 4168 1281 4239 υ)
1299 4168 1361 4224 aiv.

290 4266 334 4330 41,
356 4263 398 4319 16.
417 4291 451 4301 -
475 4259 508 4332 ¹⁰)
526 4259 586 4316 niv.
606 4261 649 4326 40,
668 4262 712 4316 45.
