3158 5116
752 513 787 565 56

233 659 319 722 inter
349 675 455 723 annos
480 654 637 722 1555250
667 661 699 720 51
722 655 789 720 284
812 675 842 738 p.
868 654 945 720 Chr.
970 675 1002 720 n.
1035 660 1208 720 exaratum
1232 647 1329 719 esse'

235 760 442 826 crediderim.

302 863 376 928 Jam
403 869 580 946 postquam
610 863 651 926 de
681 861 818 943 singulis
845 860 1023 944 praelectis
1056 859 1306 942 disputavimus,

236 968 324 1032 hunc
348 984 463 1031 eorum
484 981 682 1048 componere
705 974 887 1046 possumus
911 963 1069 1028 indicem:

306 1067 338 1150 1)
362 1066 566 1132 Octavianus
589 1065 779 1148 praefectus
804 1065 981 1129 5555707
1006 1085 1038 1128 u.
1064 1082 1093 1127 5.

305 1167 339 1252 2)
363 1169 499 1248 Drusus,
524 1165 715 1232 Germanici
739 1167 834 1247 titius,
859 1185 948 1232 anno
972 1165 1015 1231 25
1040 1185 1072 1248 p.
1096 1164 1173 1230 Chr.
1197 1184 1230 1230 n.

306 1269 340 1357 3)
363 1271 497 1362 Paullus
536 1271 695 1336 Aemilius
741 1270 884 1351 Regillus
922 1271 1059 1352 Augusti
1097 1268 1150 1334 vel
1189 1267 1311 1333 Tiberii

240 1374 452 1459 temporibus.
856 1421 859 1430 .

306 1479 341 1564 4)
365 1480 398 1544 L.
423 1480 541 1546 Junius
565 1478 699 1546 Silanus
723 1499 812 1546 anno
836 1480 878 1545 41
903 1499 934 1564 p.
960 1479 1038 1546 Chr.
1064 1499 1095 1547 n.

307 1581 341 1666 5)
366 1582 425 1647 Cn.
450 1583 627 1664 Pompeius
650 1583 788 1665 Magnus
812 1602 901 1649 anno
925 1582 968 1647 42
992 1602 1024 1665 p.
1049 1581 1127 1647 Chr.
1151 1600 1184 1645 n.

309 1685 330 1748 6
366 1684 454 1750 Nero
478 1705 567 1751 anno
591 1684 644 1750 53.

310 1789 328 1850 7

331 1785 343 1870 )
367 1787 402 1852 L.
427 1787 602 1853 Arruntius
626 1787 865 1854 Scribonianus
889 1807 978 1853 anno
1003 1787 1134 1852 circiter
1158 1784 1211 1850 63.

311 1887 344 1971 8)
369 1888 556 1954 Hadrianus
581 1891 747 1958 annosa.

310 1988 345 2073 9)
368 1990 402 2056 L.
428 1989 604 2056 Considius
629 1991 742 2058 Gallus
765 1993 871 2075 primo
894 2012 925 2074 p.
951 1991 1027 2056 Chr.
1053 2010 1086 2056 n.
1111 1990 1257 2056 saeculo.

291 2089 346 2175 10)
371 2090 529 2157 Octavius
553 2092 687 2159 Priscus
712 2095 844 2158 circiter
866 2112 991 2159 annum
1018 2093 1092 2160 117.

217 2219 220 2244 ι
289 2190 344 2278 11)
368 2193 403 2259 L.
428 2193 595 2260 Aburnius
618 2196 742 2262 Valens
766 2216 854 2263 anno
881 2196 954 2261 118.

291 2292 347 2480 ἒξ)
370 2295 407 2374 Q.
433 2296 549 2362 Sosius
572 2299 707 2364 Priscus
730 2308 806 2382 post
829 2319 954 2365 annum
979 2298 1055 2363 132.

369 2397 411 2462 M.
436 2399 588 2464 Aurelius
613 2420 701 2466 anno
727 2402 800 2466 136.

292 2498 347 2583 14)
370 2499 404 2566 L.
440 2501 620 2566 Venuleius
655 2502 865 2584 Apronianus
901 2501 1058 2568 Octavius
1093 2502 1178 2566 inter
1211 2517 1315 2565 annos

247 2599 315 2665 iere
341 2600 405 2664 135
430 2608 463 2666 et
489 2602 561 2666 145.

293 2699 347 2787 15)
371 2703 413 2767 Μ.
438 2704 582 2771 Metilius
607 2704 750 2785 Regulus
774 2705 859 2769 inter
883 2724 989 2770 annos
1015 2704 1082 2768 [ere
1108 2702 1311 2768 14451149.

293 2805 347 2890 16)
372 2805 407 2872 C.
433 2807 602 2874 Modestus
633 2807 802 2889 Paulinus,
839 2813 914 2891 post
947 2807 1125 2873 Domitiani
1160 2813 1315 2888 aetatem,

246 2912 355 2996 priore
381 2912 507 2978 saeculi
531 2911 669 2979 secundi
693 2918 797 2996 parte.

293 3013 348 3101 17)
371 3016 414 3080 Μ.
439 3017 557 3082 Antius
581 3017 691 3098 Lupus
715 3017 801 3080 inter
824 3034 930 3081 annos
956 3015 1019 3080 175
1044 3022 1077 3081 51
1101 3014 1176 3080 180.

295 3117 351 3201 18)
375 3119 409 3182 L.
435 3118 569 3202 Fulvius
593 3119 797 3184 Aemilianus
821 3138 910 3184 anno
928 3117 992 3182 189
1016 3116 1068 3182 vel
1091 3116 1317 3202 sequentibus.

294 3219 349 3304 19)
372 3221 408 3285 Τ.
433 3220 545 3286 Aelius
569 3220 712 3288 Severus
744 3223 873 3287 incerta
904 3226 1023 3300 aetate,
1060 3221 1119 3285 sed
1146 3225 1222 3302 post
1252 3218 1319 3283 Ha-

248 3324 356 3388 driani
379 3329 528 3389 mortem.

293 3425 349 3511 20)
373 3427 416 3492 M.
440 3427 594 3493 Aurelius
617 3427 731 3494 Victor
760 3429 889 3493 incerta
912 3433 1033 3507 aetate,
1068 3433 1144 3510 post
1167 3426 1320 3507 Helioga-

249 3530 317 3595 bali
341 3537 498 3614 tempora.

317 3633 412 3712 Quod
435 3635 539 3700 altera
562 3634 689 3700 saeculi
712 3633 800 3698 tertii
832 3639 929 3714 parte
964 3638 997 3696 51
1031 3631 1167 3696 saeculo
1202 3635 1320 3712 quarto

249 3753 356 3816 paene
379 3736 459 3800 nulli
483 3737 549 3801 iam
573 3742 752 3801 occurrunt
768 3733 927 3817 praefecti
944 3732 1101 3798 seriarum
1117 3733 1320 3812 Latinarum,

250 3855 317 3901 non
341 3843 392 3900 est
413 3837 544 3916 mirum,
569 3839 727 3920 quoniam
744 3837 796 3901 his
812 3836 1015 3918 temporibus
1032 3853 1135 3917 more,
1152 3853 1218 3917 quo
1233 3834 1321 3916 prio-

249 3938 341 4004 ribus
364 3941 509 4005 saeculis
533 3941 585 4006 nsi
609 3947 713 4021 erant,
749 3946 786 4005 ut
814 3940 927 4004 omnia
950 3940 1075 4021 munia,
1111 3936 1163 4003 vel
1194 3935 1321 4001 tenuis-

251 4042 345 4122 sima,
370 4043 404 4106 in
427 4044 529 4109 titulis
554 4051 796 4124 enumerarem,
821 4044 972 4108 homines
997 4042 1192 4108 destiterant
1207 4037 1242 4125 ¹).

309 4252 328 4321 ¹)
347 4253 382 4306 ei.
402 4253 529 4306 Momms.
549 4251 600 4306 iur.
619 4249 693 4322 publ.
712 4250 791 4304 Rom.
809 4249 864 4304 vol.
885 4249 912 4303 ΙΙ
931 4267 993 4320 pag.
1015 4250 1067 4304 594
1086 4265 1150 4302 555.
1172 4250 1195 4302 1.
