<?xml version="1.0" encoding="UTF-8"?>
<!DOCTYPE html PUBLIC "-//W3C//DTD XHTML 1.0 Transitional//EN"
    "http://www.w3.org/TR/xhtml1/DTD/xhtml1-transitional.dtd">
<html xmlns="http://www.w3.org/1999/xhtml" xml:lang="en" lang="en">
 <head>
  <title>
</title>
<meta http-equiv="Content-Type" content="text/html;charset=utf-8" />
  <meta name='ocr-system' content='tesseract 3.04.00' />
  <meta name='ocr-capabilities' content='ocr_page ocr_carea ocr_par ocr_line ocrx_word'/>
</head>
<body>
  <div class='ocr_page' id='page_1' title='image "./deferiislatinis00werngoog_0042.png"; bbox 0 0 3158 5116; ppageno 0'>
   <div class='ocr_carea' id='block_1_1' title="bbox 769 526 804 582">
    <p class='ocr_par' dir='ltr' id='par_1_1' title="bbox 769 526 804 582">
     <span class='ocr_line' id='line_1_1' title="bbox 769 526 804 582; baseline 0.057 -2"><span class='ocrx_word' id='word_1_1' title='bbox 769 526 804 582; x_wconf 77' lang='lat'>35</span> 
     </span>
    </p>
   </div>
   <div class='ocr_carea' id='block_1_2' title="bbox 250 665 1325 1263">
    <p class='ocr_par' dir='ltr' id='par_1_2' title="bbox 250 665 1325 1263">
     <span class='ocr_line' id='line_1_2' title="bbox 250 665 1325 750; baseline 0.003 -20"><span class='ocrx_word' id='word_1_2' title='bbox 250 667 372 731; x_wconf 90' lang='lat' dir='ltr'>totiens</span> <span class='ocrx_word' id='word_1_3' title='bbox 396 668 438 731; x_wconf 90' lang='lat' dir='ltr'>de</span> <span class='ocrx_word' id='word_1_4' title='bbox 462 665 552 731; x_wconf 89' lang='lat' dir='ltr'>ieriis</span> <span class='ocrx_word' id='word_1_5' title='bbox 575 672 692 732; x_wconf 90' lang='lat' dir='ltr'>tacent</span> <span class='ocrx_word' id='word_1_6' title='bbox 715 667 788 732; x_wconf 85' lang='lat' dir='ltr'>libri</span> <span class='ocrx_word' id='word_1_7' title='bbox 812 674 846 733; x_wconf 90' lang='lat' dir='ltr'>et</span> <span class='ocrx_word' id='word_1_8' title='bbox 868 668 961 733; x_wconf 92' lang='lat' dir='ltr'>tituli.</span> <span class='ocrx_word' id='word_1_9' title='bbox 987 669 1049 734; x_wconf 91' lang='lat' dir='ltr'>Uni</span> <span class='ocrx_word' id='word_1_10' title='bbox 1063 669 1200 750; x_wconf 76' lang='lat' dir='ltr'><strong>Augusti</strong></span> <span class='ocrx_word' id='word_1_11' title='bbox 1223 669 1325 734; x_wconf 90' lang='lat' dir='ltr'>bene·</span> 
     </span>
     <span class='ocr_line' id='line_1_3' title="bbox 252 767 1325 851; baseline 0 -19"><span class='ocrx_word' id='word_1_12' title='bbox 252 768 439 833; x_wconf 84' lang='lat' dir='ltr'>ficioDruso</span> <span class='ocrx_word' id='word_1_13' title='bbox 450 768 595 849; x_wconf 84' lang='lat' dir='ltr'>contigit,</span> <span class='ocrx_word' id='word_1_14' title='bbox 606 773 642 832; x_wconf 92' lang='lat' dir='ltr'>ut</span> <span class='ocrx_word' id='word_1_15' title='bbox 655 767 744 834; x_wconf 82' lang='lat' dir='ltr'>feriis</span> <span class='ocrx_word' id='word_1_16' title='bbox 756 767 882 833; x_wconf 86' lang='lat' dir='ltr'>Latinis</span> <span class='ocrx_word' id='word_1_17' title='bbox 893 769 1155 850; x_wconf 80' lang='lat' dir='ltr'>redintegrandis</span> <span class='ocrx_word' id='word_1_18' title='bbox 1167 769 1325 851; x_wconf 90' lang='lat' dir='ltr'>triumphi</span> 
     </span>
     <span class='ocr_line' id='line_1_4' title="bbox 251 867 1322 955; baseline 0 -21"><span class='ocrx_word' id='word_1_19' title='bbox 251 868 460 952; x_wconf 81' lang='lat' dir='ltr'>splendorem</span> <span class='ocrx_word' id='word_1_20' title='bbox 500 869 758 953; x_wconf 73' lang='lat' dir='ltr'>dignitatemque</span> <span class='ocrx_word' id='word_1_21' title='bbox 797 887 918 951; x_wconf 92' lang='lat' dir='ltr'>augere</span> <span class='ocrx_word' id='word_1_22' title='bbox 957 870 987 935; x_wconf 92' lang='lat' dir='ltr'>ei</span> <span class='ocrx_word' id='word_1_23' title='bbox 1023 871 1270 952; x_wconf 86' lang='lat' dir='ltr'>permitteretur</span> <span class='ocrx_word' id='word_1_24' title='bbox 1287 867 1322 955; x_wconf 83' lang='grc' dir='ltr'>ι).</span> 
     </span>
     <span class='ocr_line' id='line_1_5' title="bbox 250 971 1325 1055; baseline 0.003 -19"><span class='ocrx_word' id='word_1_25' title='bbox 250 971 322 1036; x_wconf 90' lang='lat' dir='ltr'>Nec</span> <span class='ocrx_word' id='word_1_26' title='bbox 351 971 459 1036; x_wconf 88' lang='lat' dir='ltr'>minus</span> <span class='ocrx_word' id='word_1_27' title='bbox 492 971 651 1054; x_wconf 81' lang='lat' dir='ltr'>peculiari</span> <span class='ocrx_word' id='word_1_28' title='bbox 679 971 853 1054; x_wconf 90' lang='lat' dir='ltr'>plebiscito</span> <span class='ocrx_word' id='word_1_29' title='bbox 887 971 1024 1038; x_wconf 83' lang='lat' dir='ltr'>Caesari</span> <span class='ocrx_word' id='word_1_30' title='bbox 1059 993 1142 1055; x_wconf 90' lang='lat' dir='ltr'>opus</span> <span class='ocrx_word' id='word_1_31' title='bbox 1173 978 1255 1055; x_wconf 89' lang='lat' dir='ltr'>erat,</span> <span class='ocrx_word' id='word_1_32' title='bbox 1289 978 1325 1039; x_wconf 93' lang='lat' dir='ltr'>ut</span> 
     </span>
     <span class='ocr_line' id='line_1_6' title="bbox 251 1071 1323 1142; baseline 0.004 -4"><span class='ocrx_word' id='word_1_33' title='bbox 251 1071 414 1140; x_wconf 84' lang='lat' dir='ltr'>coniectis</span> <span class='ocrx_word' id='word_1_34' title='bbox 440 1073 631 1138; x_wconf 88' lang='lat' dir='ltr'>Latinarum</span> <span class='ocrx_word' id='word_1_35' title='bbox 662 1075 812 1140; x_wconf 87' lang='lat' dir='ltr'>sacrise</span> <span class='ocrx_word' id='word_1_36' title='bbox 846 1081 957 1140; x_wconf 91' lang='lat' dir='ltr'>monte</span> <span class='ocrx_word' id='word_1_37' title='bbox 988 1095 1093 1141; x_wconf 87' lang='lat' dir='ltr'>ovans</span> <span class='ocrx_word' id='word_1_38' title='bbox 1129 1077 1251 1142; x_wconf 85' lang='lat' dir='ltr'>rediret</span> <span class='ocrx_word' id='word_1_39' title='bbox 1289 1077 1323 1142; x_wconf 92' lang='lat' dir='ltr'>in</span> 
     </span>
     <span class='ocr_line' id='line_1_7' title="bbox 254 1172 411 1263; baseline 0 -21"><span class='ocrx_word' id='word_1_40' title='bbox 254 1176 369 1242; x_wconf 90' lang='lat' dir='ltr'>urbem</span> <span class='ocrx_word' id='word_1_41' title='bbox 377 1172 411 1263; x_wconf 82' lang='lat'>²)</span> 
     </span>
    </p>
   </div>
   <div class='ocr_carea' id='block_1_3' title="bbox 258 1293 1324 1373">
    <p class='ocr_par' dir='ltr' id='par_1_3' title="bbox 258 1293 1324 1373">
     <span class='ocr_line' id='line_1_8' title="bbox 258 1293 1324 1373; baseline 0 -13"><span class='ocrx_word' id='word_1_42' title='bbox 258 1299 259 1303; x_wconf 76' lang='grc'>’</span> <span class='ocrx_word' id='word_1_43' title='bbox 320 1293 386 1360; x_wconf 86' lang='lat' dir='ltr'>Sed</span> <span class='ocrx_word' id='word_1_44' title='bbox 410 1294 487 1358; x_wconf 93' lang='lat' dir='ltr'>dum</span> <span class='ocrx_word' id='word_1_45' title='bbox 511 1293 567 1358; x_wconf 89' lang='lat' dir='ltr'>illa</span> <span class='ocrx_word' id='word_1_46' title='bbox 590 1294 624 1358; x_wconf 93' lang='lat' dir='ltr'>in</span> <span class='ocrx_word' id='word_1_47' title='bbox 648 1299 760 1359; x_wconf 88' lang='lat' dir='ltr'>monte</span> <span class='ocrx_word' id='word_1_48' title='bbox 777 1293 909 1373; x_wconf 84' lang='lat' dir='ltr'>fiebant,</span> <span class='ocrx_word' id='word_1_49' title='bbox 935 1294 1035 1359; x_wconf 91' lang='lat' dir='ltr'>etiam</span> <span class='ocrx_word' id='word_1_50' title='bbox 1051 1295 1193 1360; x_wconf 89' lang='lat' dir='ltr'>Romam</span> <span class='ocrx_word' id='word_1_51' title='bbox 1209 1295 1324 1361; x_wconf 93' lang='lat' dir='ltr'>urbem</span> 
     </span>
    </p>
   </div>
   <div class='ocr_carea' id='block_1_4' title="bbox 161 1395 1322 1483">
    <p class='ocr_par' dir='ltr' id='par_1_4' title="bbox 161 1395 1322 1483">
     <span class='ocr_line' id='line_1_9' title="bbox 161 1395 1322 1483; baseline 0.005 -25"><span class='ocrx_word' id='word_1_52' title='bbox 161 1444 168 1458; x_wconf 91' lang='lat'>.</span> <span class='ocrx_word' id='word_1_53' title='bbox 253 1397 358 1462; x_wconf 91' lang='lat' dir='ltr'>otium</span> <span class='ocrx_word' id='word_1_54' title='bbox 382 1397 603 1480; x_wconf 85' lang='lat' dir='ltr'>gaudiumque</span> <span class='ocrx_word' id='word_1_55' title='bbox 626 1397 793 1462; x_wconf 90' lang='lat' dir='ltr'>tenebant.</span> <span class='ocrx_word' id='word_1_56' title='bbox 829 1397 914 1462; x_wconf 90' lang='lat' dir='ltr'>Nam</span> <span class='ocrx_word' id='word_1_57' title='bbox 939 1403 975 1462; x_wconf 91' lang='lat' dir='ltr'>ut</span> <span class='ocrx_word' id='word_1_58' title='bbox 998 1397 1153 1462; x_wconf 91' lang='lat' dir='ltr'>omnibus</span> <span class='ocrx_word' id='word_1_59' title='bbox 1184 1395 1322 1483; x_wconf 51' lang='lat' dir='ltr'>tenisi),</span> 
     </span>
    </p>
   </div>
   <div class='ocr_carea' id='block_1_5' title="bbox 252 1503 1324 1690">
    <p class='ocr_par' dir='ltr' id='par_1_5' title="bbox 252 1503 1324 1690">
     <span class='ocr_line' id='line_1_10' title="bbox 252 1503 1322 1587; baseline 0 -19"><span class='ocrx_word' id='word_1_60' title='bbox 252 1504 301 1568; x_wconf 87' lang='lat' dir='ltr'>ita</span> <span class='ocrx_word' id='word_1_61' title='bbox 323 1504 515 1569; x_wconf 86' lang='lat' dir='ltr'>Latinarum</span> <span class='ocrx_word' id='word_1_62' title='bbox 539 1523 668 1587; x_wconf 91' lang='lat' dir='ltr'>quoque</span> <span class='ocrx_word' id='word_1_63' title='bbox 692 1503 807 1568; x_wconf 90' lang='lat' dir='ltr'>diebus</span> <span class='ocrx_word' id='word_1_64' title='bbox 832 1504 922 1568; x_wconf 88' lang='lat' dir='ltr'>cives</span> <span class='ocrx_word' id='word_1_65' title='bbox 946 1523 967 1568; x_wconf 91' lang='lat' dir='ltr'>a</span> <span class='ocrx_word' id='word_1_66' title='bbox 991 1503 1112 1584; x_wconf 89' lang='lat' dir='ltr'>litibus,</span> <span class='ocrx_word' id='word_1_67' title='bbox 1138 1503 1322 1582; x_wconf 90' lang='lat' dir='ltr'>discordiis,</span> 
     </span>
     <span class='ocr_line' id='line_1_11' title="bbox 252 1603 1324 1690; baseline -0.002 -18"><span class='ocrx_word' id='word_1_68' title='bbox 252 1606 392 1689; x_wconf 84' lang='lat' dir='ltr'>publicis</span> <span class='ocrx_word' id='word_1_69' title='bbox 423 1606 562 1690; x_wconf 89' lang='lat' dir='ltr'>denique</span> <span class='ocrx_word' id='word_1_70' title='bbox 596 1612 629 1672; x_wconf 94' lang='lat' dir='ltr'>et</span> <span class='ocrx_word' id='word_1_71' title='bbox 660 1607 797 1690; x_wconf 87' lang='lat' dir='ltr'>privatis</span> <span class='ocrx_word' id='word_1_72' title='bbox 826 1606 966 1688; x_wconf 89' lang='lat' dir='ltr'>negotiis</span> <span class='ocrx_word' id='word_1_73' title='bbox 996 1624 1033 1671; x_wconf 90' lang='lat' dir='ltr'>se</span> <span class='ocrx_word' id='word_1_74' title='bbox 1063 1604 1275 1671; x_wconf 90' lang='lat' dir='ltr'>abstinebant</span> <span class='ocrx_word' id='word_1_75' title='bbox 1286 1603 1324 1690; x_wconf 85' lang='lat'>⁴).</span> 
     </span>
    </p>
   </div>
   <div class='ocr_carea' id='block_1_6' title="bbox 253 1722 1327 3040">
    <p class='ocr_par' dir='ltr' id='par_1_6' title="bbox 253 1722 1327 3040">
     <span class='ocr_line' id='line_1_12' title="bbox 320 1722 1327 1806; baseline -0.002 -18"><span class='ocrx_word' id='word_1_76' title='bbox 320 1723 426 1806; x_wconf 83' lang='lat' dir='ltr'>Atque</span> <span class='ocrx_word' id='word_1_77' title='bbox 462 1723 562 1788; x_wconf 88' lang='lat' dir='ltr'>etiam</span> <span class='ocrx_word' id='word_1_78' title='bbox 594 1723 661 1788; x_wconf 92' lang='lat' dir='ltr'>ludi</span> <span class='ocrx_word' id='word_1_79' title='bbox 691 1724 817 1789; x_wconf 88' lang='lat' dir='ltr'>Romae</span> <span class='ocrx_word' id='word_1_80' title='bbox 850 1722 928 1788; x_wconf 88' lang='lat' dir='ltr'>iacti</span> <span class='ocrx_word' id='word_1_81' title='bbox 952 1727 1038 1802; x_wconf 88' lang='lat' dir='ltr'>sunt,</span> <span class='ocrx_word' id='word_1_82' title='bbox 1070 1723 1113 1787; x_wconf 90' lang='lat' dir='ltr'>ad</span> <span class='ocrx_word' id='word_1_83' title='bbox 1137 1742 1219 1806; x_wconf 91' lang='lat' dir='ltr'>quos</span> <span class='ocrx_word' id='word_1_84' title='bbox 1244 1722 1327 1786; x_wconf 87' lang='lat' dir='ltr'>Livii</span> 
     </span>
     <span class='ocr_line' id='line_1_13' title="bbox 254 1821 1325 1912; baseline -0.002 -20"><span class='ocrx_word' id='word_1_85' title='bbox 254 1827 356 1893; x_wconf 90' lang='lat' dir='ltr'>verba</span> <span class='ocrx_word' id='word_1_86' title='bbox 379 1824 477 1909; x_wconf 87' lang='lat'>5,19,</span> <span class='ocrx_word' id='word_1_87' title='bbox 497 1827 532 1891; x_wconf 86' lang='grc'>1;</span> <span class='ocrx_word' id='word_1_88' title='bbox 559 1827 644 1910; x_wconf 90' lang='lat' dir='ltr'>,Jam</span> <span class='ocrx_word' id='word_1_89' title='bbox 661 1826 729 1892; x_wconf 92' lang='lat' dir='ltr'>ludi</span> <span class='ocrx_word' id='word_1_90' title='bbox 745 1827 947 1910; x_wconf 84' lang='lat' dir='ltr'>Latinaeque</span> <span class='ocrx_word' id='word_1_91' title='bbox 964 1825 1168 1892; x_wconf 86' lang='lat' dir='ltr'>instauratae</span> <span class='ocrx_word' id='word_1_92' title='bbox 1185 1821 1325 1912; x_wconf 83' lang='lat' dir='ltr'>erant’⁶)</span> 
     </span>
     <span class='ocr_line' id='line_1_14' title="bbox 253 1925 1325 2015; baseline -0.002 -19"><span class='ocrx_word' id='word_1_93' title='bbox 253 1950 317 1996; x_wconf 90' lang='lat' dir='ltr'>nee</span> <span class='ocrx_word' id='word_1_94' title='bbox 342 1931 449 1995; x_wconf 90' lang='lat' dir='ltr'>minus</span> <span class='ocrx_word' id='word_1_95' title='bbox 474 1930 666 1996; x_wconf 91' lang='lat' dir='ltr'>Tertulliani</span> <span class='ocrx_word' id='word_1_96' title='bbox 690 1927 796 2015; x_wconf 90' lang='lat' dir='ltr'>(apol.</span> <span class='ocrx_word' id='word_1_97' title='bbox 822 1928 859 2015; x_wconf 89' lang='lat'>9)</span> <span class='ocrx_word' id='word_1_98' title='bbox 889 1936 921 1996; x_wconf 94' lang='lat' dir='ltr'>et</span> <span class='ocrx_word' id='word_1_99' title='bbox 945 1929 1099 2013; x_wconf 78' lang='lat' dir='ltr'>Cypriani</span> <span class='ocrx_word' id='word_1_100' title='bbox 1130 1925 1191 2013; x_wconf 90' lang='lat' dir='ltr'>(de</span> <span class='ocrx_word' id='word_1_101' title='bbox 1222 1935 1325 2012; x_wconf 86' lang='lat' dir='ltr'>spect.</span> 
     </span>
     <span class='ocr_line' id='line_1_15' title="bbox 253 2031 1327 2118; baseline 0 -20"><span class='ocrx_word' id='word_1_102' title='bbox 253 2031 288 2118; x_wconf 88' lang='grc'>5)</span> <span class='ocrx_word' id='word_1_103' title='bbox 304 2033 406 2098; x_wconf 90' lang='lat' dir='ltr'>verba</span> <span class='ocrx_word' id='word_1_104' title='bbox 419 2033 582 2116; x_wconf 90' lang='lat' dir='ltr'>pertinere</span> <span class='ocrx_word' id='word_1_105' title='bbox 598 2039 743 2116; x_wconf 90' lang='lat' dir='ltr'>apparet.</span> <span class='ocrx_word' id='word_1_106' title='bbox 772 2033 879 2116; x_wconf 87' lang='lat' dir='ltr'>Atque</span> <span class='ocrx_word' id='word_1_107' title='bbox 892 2033 1125 2116; x_wconf 86' lang='lat' dir='ltr'>quadrigarum</span> <span class='ocrx_word' id='word_1_108' title='bbox 1144 2033 1327 2098; x_wconf 90' lang='lat' dir='ltr'>certamina</span> 
     </span>
     <span class='ocr_line' id='line_1_16' title="bbox 255 2134 1326 2219; baseline 0.001 -19"><span class='ocrx_word' id='word_1_109' title='bbox 255 2137 357 2202; x_wconf 86' lang='lat' dir='ltr'>luisse</span> <span class='ocrx_word' id='word_1_110' title='bbox 380 2136 505 2202; x_wconf 88' lang='lat' dir='ltr'>Plinius</span> <span class='ocrx_word' id='word_1_111' title='bbox 528 2137 602 2202; x_wconf 86' lang='lat' dir='ltr'>hist.</span> <span class='ocrx_word' id='word_1_112' title='bbox 627 2142 694 2202; x_wconf 84' lang='lat' dir='ltr'>nat.</span> <span class='ocrx_word' id='word_1_113' title='bbox 721 2137 774 2219; x_wconf 82' lang='grc'>27,</span> <span class='ocrx_word' id='word_1_114' title='bbox 800 2137 831 2219; x_wconf 84' lang='grc'>7,</span> <span class='ocrx_word' id='word_1_115' title='bbox 856 2134 899 2200; x_wconf 85' lang='grc'>45</span> <span class='ocrx_word' id='word_1_116' title='bbox 916 2135 967 2202; x_wconf 86' lang='lat' dir='ltr'>his</span> <span class='ocrx_word' id='word_1_117' title='bbox 983 2141 1111 2200; x_wconf 88' lang='lat' dir='ltr'>narrat:</span> <span class='ocrx_word' id='word_1_118' title='bbox 1139 2136 1177 2216; x_wconf 92' lang='lat' dir='ltr'>‚si</span> <span class='ocrx_word' id='word_1_119' title='bbox 1194 2136 1326 2219; x_wconf 91' lang='lat' dir='ltr'>quidem</span> 
     </span>
     <span class='ocr_line' id='line_1_17' title="bbox 257 2239 1325 2324; baseline 0.001 -20"><span class='ocrx_word' id='word_1_120' title='bbox 257 2239 449 2305; x_wconf 86' lang='lat' dir='ltr'>Latinarum</span> <span class='ocrx_word' id='word_1_121' title='bbox 475 2239 563 2307; x_wconf 84' lang='lat' dir='ltr'>feriis</span> <span class='ocrx_word' id='word_1_122' title='bbox 587 2239 766 2324; x_wconf 87' lang='lat' dir='ltr'>quadrigae</span> <span class='ocrx_word' id='word_1_123' title='bbox 784 2246 912 2307; x_wconf 91' lang='lat' dir='ltr'>certant</span> <span class='ocrx_word' id='word_1_124' title='bbox 927 2241 961 2305; x_wconf 93' lang='lat' dir='ltr'>in</span> <span class='ocrx_word' id='word_1_125' title='bbox 978 2239 1142 2322; x_wconf 87' lang='lat' dir='ltr'>Capitolio</span> <span class='ocrx_word' id='word_1_126' title='bbox 1154 2239 1325 2324; x_wconf 89' lang='lat' dir='ltr'>victorque</span> 
     </span>
     <span class='ocr_line' id='line_1_18' title="bbox 255 2343 1327 2426; baseline 0 -18"><span class='ocrx_word' id='word_1_127' title='bbox 255 2343 459 2409; x_wconf 88' lang='lat' dir='ltr'>absinthium</span> <span class='ocrx_word' id='word_1_128' title='bbox 483 2343 574 2426; x_wconf 81' lang='lat' dir='ltr'>bibit,</span> <span class='ocrx_word' id='word_1_129' title='bbox 606 2345 716 2426; x_wconf 90' lang='lat' dir='ltr'>oredo,</span> <span class='ocrx_word' id='word_1_130' title='bbox 745 2345 924 2410; x_wconf 87' lang='lat' dir='ltr'>sanitatem</span> <span class='ocrx_word' id='word_1_131' title='bbox 947 2344 1096 2426; x_wconf 90' lang='lat' dir='ltr'>praemio</span> <span class='ocrx_word' id='word_1_132' title='bbox 1126 2343 1198 2409; x_wconf 87' lang='lat' dir='ltr'>dari</span> <span class='ocrx_word' id='word_1_133' title='bbox 1222 2343 1327 2410; x_wconf 90' lang='lat' dir='ltr'>hono-</span> 
     </span>
     <span class='ocr_line' id='line_1_19' title="bbox 254 2446 1325 2530; baseline 0 -19"><span class='ocrx_word' id='word_1_134' title='bbox 254 2447 344 2513; x_wconf 83' lang='lat' dir='ltr'>rifice</span> <span class='ocrx_word' id='word_1_135' title='bbox 368 2447 536 2512; x_wconf 87' lang='lat' dir='ltr'>arbitratis</span> <span class='ocrx_word' id='word_1_136' title='bbox 561 2446 770 2528; x_wconf 83' lang='lat' dir='ltr'>maioribus’3</span> <span class='ocrx_word' id='word_1_137' title='bbox 795 2448 913 2530; x_wconf 92' lang='lat' dir='ltr'>quibus</span> <span class='ocrx_word' id='word_1_138' title='bbox 936 2449 1173 2529; x_wconf 90' lang='lat' dir='ltr'>imperatorum</span> <span class='ocrx_word' id='word_1_139' title='bbox 1197 2451 1325 2528; x_wconf 90' lang='lat' dir='ltr'>tempo-</span> 
     </span>
     <span class='ocr_line' id='line_1_20' title="bbox 254 2547 1326 2630; baseline 0.001 -19"><span class='ocrx_word' id='word_1_140' title='bbox 254 2547 345 2612; x_wconf 89' lang='lat' dir='ltr'>ribus</span> <span class='ocrx_word' id='word_1_141' title='bbox 377 2548 597 2628; x_wconf 88' lang='lat' dir='ltr'>gladiatorum</span> <span class='ocrx_word' id='word_1_142' title='bbox 629 2548 725 2612; x_wconf 87' lang='lat' dir='ltr'>ludos</span> <span class='ocrx_word' id='word_1_143' title='bbox 748 2549 1007 2630; x_wconf 89' lang='lat' dir='ltr'>venationesque</span> <span class='ocrx_word' id='word_1_144' title='bbox 1040 2549 1154 2613; x_wconf 89' lang='lat' dir='ltr'>addita</span> <span class='ocrx_word' id='word_1_145' title='bbox 1182 2565 1256 2611; x_wconf 91' lang='lat' dir='ltr'>esse</span> <span class='ocrx_word' id='word_1_146' title='bbox 1285 2566 1326 2612; x_wconf 86' lang='lat' dir='ltr'>ex</span> 
     </span>
     <span class='ocr_line' id='line_1_21' title="bbox 255 2647 1326 2735; baseline 0 -23"><span class='ocrx_word' id='word_1_147' title='bbox 255 2649 389 2714; x_wconf 89' lang='lat' dir='ltr'>Minucii</span> <span class='ocrx_word' id='word_1_148' title='bbox 412 2650 530 2714; x_wconf 85' lang='lat' dir='ltr'>Felicis</span> <span class='ocrx_word' id='word_1_149' title='bbox 563 2647 651 2733; x_wconf 91' lang='lat' dir='ltr'>(Oct.</span> <span class='ocrx_word' id='word_1_150' title='bbox 677 2650 730 2731; x_wconf 87' lang='lat'>30,</span> <span class='ocrx_word' id='word_1_151' title='bbox 756 2647 793 2734; x_wconf 83' lang='lat'>4)</span> <span class='ocrx_word' id='word_1_152' title='bbox 817 2656 850 2715; x_wconf 93' lang='lat' dir='ltr'>et</span> <span class='ocrx_word' id='word_1_153' title='bbox 873 2651 1064 2716; x_wconf 89' lang='lat' dir='ltr'>Tertulliani</span> <span class='ocrx_word' id='word_1_154' title='bbox 1079 2647 1184 2735; x_wconf 90' lang='lat' dir='ltr'>(apol.</span> <span class='ocrx_word' id='word_1_155' title='bbox 1200 2647 1238 2733; x_wconf 88' lang='lat'>9)</span> <span class='ocrx_word' id='word_1_156' title='bbox 1254 2667 1326 2712; x_wconf 89' lang='lat' dir='ltr'>ma-</span> 
     </span>
     <span class='ocr_line' id='line_1_22' title="bbox 253 2749 1325 2834; baseline 0.001 -22"><span class='ocrx_word' id='word_1_157' title='bbox 253 2749 409 2814; x_wconf 81' lang='lat' dir='ltr'>nifestum</span> <span class='ocrx_word' id='word_1_158' title='bbox 435 2750 468 2816; x_wconf 87' lang='lat' dir='ltr'>fit</span> <span class='ocrx_word' id='word_1_159' title='bbox 490 2749 610 2831; x_wconf 83' lang='lat' dir='ltr'>verbis,</span> <span class='ocrx_word' id='word_1_160' title='bbox 636 2751 753 2834; x_wconf 91' lang='lat' dir='ltr'>quibus</span> <span class='ocrx_word' id='word_1_161' title='bbox 777 2751 868 2817; x_wconf 84' lang='lat' dir='ltr'>lovis</span> <span class='ocrx_word' id='word_1_162' title='bbox 892 2751 938 2816; x_wconf 92' lang='lat' dir='ltr'>illi</span> <span class='ocrx_word' id='word_1_163' title='bbox 962 2752 995 2816; x_wconf 95' lang='lat' dir='ltr'>in</span> <span class='ocrx_word' id='word_1_164' title='bbox 1011 2750 1092 2816; x_wconf 92' lang='lat' dir='ltr'>urbe</span> <span class='ocrx_word' id='word_1_165' title='bbox 1108 2751 1325 2815; x_wconf 86' lang='lat' dir='ltr'>simulacrum</span> 
     </span>
     <span class='ocr_line' id='line_1_23' title="bbox 255 2849 1324 2936; baseline 0 -21"><span class='ocrx_word' id='word_1_166' title='bbox 255 2849 402 2916; x_wconf 89' lang='lat' dir='ltr'>bestiarii</span> <span class='ocrx_word' id='word_1_167' title='bbox 432 2852 484 2918; x_wconf 88' lang='lat' dir='ltr'>vel</span> <span class='ocrx_word' id='word_1_168' title='bbox 515 2854 606 2918; x_wconf 89' lang='lat' dir='ltr'>noxii</span> <span class='ocrx_word' id='word_1_169' title='bbox 640 2853 783 2918; x_wconf 93' lang='lat' dir='ltr'>hominis</span> <span class='ocrx_word' id='word_1_170' title='bbox 798 2908 801 2914; x_wconf 95' lang='lat'><em>.</em></span> <span class='ocrx_word' id='word_1_171' title='bbox 817 2855 978 2936; x_wconf 88' lang='lat' dir='ltr'>sanguine</span> <span class='ocrx_word' id='word_1_172' title='bbox 1001 2853 1152 2936; x_wconf 84' lang='lat' dir='ltr'>pertundi</span> <span class='ocrx_word' id='word_1_173' title='bbox 1176 2855 1324 2918; x_wconf 91' lang='lat' dir='ltr'>narrant.</span> 
     </span>
     <span class='ocr_line' id='line_1_24' title="bbox 254 2953 1326 3040; baseline -0.002 -18"><span class='ocrx_word' id='word_1_174' title='bbox 254 2953 416 3022; x_wconf 87' lang='lat' dir='ltr'>Omnibus</span> <span class='ocrx_word' id='word_1_175' title='bbox 441 2955 581 3040; x_wconf 91' lang='lat' dir='ltr'>denique</span> <span class='ocrx_word' id='word_1_176' title='bbox 604 2957 808 3039; x_wconf 88' lang='lat' dir='ltr'>temporibus</span> <span class='ocrx_word' id='word_1_177' title='bbox 833 2957 1025 3023; x_wconf 89' lang='lat' dir='ltr'>Latinarum</span> <span class='ocrx_word' id='word_1_178' title='bbox 1053 2957 1169 3022; x_wconf 89' lang='lat' dir='ltr'>diebus</span> <span class='ocrx_word' id='word_1_179' title='bbox 1198 2957 1326 3022; x_wconf 86' lang='lat' dir='ltr'>Romae</span> 
     </span>
    </p>
   </div>
   <div class='ocr_carea' id='block_1_7' title="bbox 254 3193 1329 4366">
    <p class='ocr_par' dir='ltr' id='par_1_7' title="bbox 313 3193 692 3264">
     <span class='ocr_line' id='line_1_25' title="bbox 313 3193 692 3264; baseline 0.003 -16"><span class='ocrx_word' id='word_1_180' title='bbox 313 3193 330 3264; x_wconf 91' lang='lat'>¹)</span> <span class='ocrx_word' id='word_1_181' title='bbox 350 3195 385 3248; x_wconf 83' lang='lat' dir='ltr'>cl.</span> <span class='ocrx_word' id='word_1_182' title='bbox 406 3194 483 3249; x_wconf 82' lang='lat' dir='ltr'>Coss.</span> <span class='ocrx_word' id='word_1_183' title='bbox 503 3194 584 3250; x_wconf 87' lang='lat' dir='ltr'>Dion.</span> <span class='ocrx_word' id='word_1_184' title='bbox 604 3198 647 3260; x_wconf 89' lang='grc'>55,</span> <span class='ocrx_word' id='word_1_185' title='bbox 667 3198 692 3250; x_wconf 85' lang='grc'>2.</span> 
     </span>
    </p>

    <p class='ocr_par' dir='ltr' id='par_1_8' title="bbox 254 3276 1323 3428">
     <span class='ocr_line' id='line_1_26' title="bbox 310 3276 1323 3351; baseline 0.001 -19"><span class='ocrx_word' id='word_1_186' title='bbox 310 3276 331 3348; x_wconf 83' lang='lat'>²)</span> <span class='ocrx_word' id='word_1_187' title='bbox 349 3278 476 3332; x_wconf 87' lang='lat' dir='ltr'>conferas</span> <span class='ocrx_word' id='word_1_188' title='bbox 494 3280 557 3332; x_wconf 83' lang='lat' dir='ltr'>acta</span> <span class='ocrx_word' id='word_1_189' title='bbox 575 3278 754 3351; x_wconf 81' lang='lat' dir='ltr'>triumphalia</span> <span class='ocrx_word' id='word_1_190' title='bbox 770 3279 815 3350; x_wconf 81' lang='lat' dir='ltr'>(G.</span> <span class='ocrx_word' id='word_1_191' title='bbox 834 3279 855 3334; x_wconf 94' lang='grc'>1.</span> <span class='ocrx_word' id='word_1_192' title='bbox 870 3279 899 3334; x_wconf 84' lang='lat' dir='ltr'>L.</span> <span class='ocrx_word' id='word_1_193' title='bbox 918 3279 931 3333; x_wconf 93' lang='grc' dir='ltr'>Ι</span> <span class='ocrx_word' id='word_1_194' title='bbox 949 3297 976 3350; x_wconf 89' lang='lat' dir='ltr'>p.</span> <span class='ocrx_word' id='word_1_195' title='bbox 990 3279 1059 3349; x_wconf 88' lang='grc'>461)</span> <span class='ocrx_word' id='word_1_196' title='bbox 1080 3295 1143 3334; x_wconf 85' lang='lat' dir='ltr'>cunr</span> <span class='ocrx_word' id='word_1_197' title='bbox 1158 3277 1232 3332; x_wconf 83' lang='lat' dir='ltr'>Suet.</span> <span class='ocrx_word' id='word_1_198' title='bbox 1244 3277 1323 3333; x_wconf 79' lang='lat' dir='ltr'>(laos.</span> 
     </span>
     <span class='ocr_line' id='line_1_27' title="bbox 254 3363 544 3428; baseline 0.003 -11"><span class='ocrx_word' id='word_1_199' title='bbox 254 3363 290 3418; x_wconf 77' lang='lat'>79</span> <span class='ocrx_word' id='word_1_200' title='bbox 310 3365 338 3418; x_wconf 81' lang='lat' dir='ltr'>eb</span> <span class='ocrx_word' id='word_1_201' title='bbox 356 3363 435 3418; x_wconf 89' lang='lat' dir='ltr'>Dion.</span> <span class='ocrx_word' id='word_1_202' title='bbox 455 3365 499 3428; x_wconf 80' lang='lat'>44,</span> <span class='ocrx_word' id='word_1_203' title='bbox 519 3366 544 3418; x_wconf 88' lang='grc'>4.</span> 
     </span>
    </p>

    <p class='ocr_par' dir='ltr' id='par_1_9' title="bbox 311 3449 716 3518">
     <span class='ocr_line' id='line_1_28' title="bbox 311 3449 716 3518; baseline 0.005 -16"><span class='ocrx_word' id='word_1_204' title='bbox 311 3449 333 3518; x_wconf 79' lang='lat'>⁸)</span> <span class='ocrx_word' id='word_1_205' title='bbox 352 3449 386 3503; x_wconf 82' lang='lat' dir='ltr'>ci.</span> <span class='ocrx_word' id='word_1_206' title='bbox 405 3449 491 3504; x_wconf 86' lang='lat' dir='ltr'>Mucr.</span> <span class='ocrx_word' id='word_1_207' title='bbox 511 3449 567 3504; x_wconf 75' lang='lat' dir='ltr'>aar.</span> <span class='ocrx_word' id='word_1_208' title='bbox 587 3449 608 3515; x_wconf 91' lang='grc' dir='ltr'>Ι,</span> <span class='ocrx_word' id='word_1_209' title='bbox 629 3450 671 3516; x_wconf 89' lang='grc'>16,</span> <span class='ocrx_word' id='word_1_210' title='bbox 691 3453 716 3506; x_wconf 88' lang='grc'>9.</span> 
     </span>
    </p>

    <p class='ocr_par' dir='ltr' id='par_1_10' title="bbox 254 3531 1329 4366">
     <span class='ocr_line' id='line_1_29' title="bbox 312 3531 1327 3604; baseline -0.002 -16"><span class='ocrx_word' id='word_1_211' title='bbox 312 3531 336 3603; x_wconf 89' lang='lat'>⁴)</span> <span class='ocrx_word' id='word_1_212' title='bbox 356 3533 391 3588; x_wconf 84' lang='lat' dir='ltr'>oi.</span> <span class='ocrx_word' id='word_1_213' title='bbox 412 3533 467 3588; x_wconf 86' lang='lat' dir='ltr'>Cic.</span> <span class='ocrx_word' id='word_1_214' title='bbox 487 3534 520 3588; x_wconf 88' lang='lat' dir='ltr'>de</span> <span class='ocrx_word' id='word_1_215' title='bbox 538 3551 595 3604; x_wconf 88' lang='lat' dir='ltr'>rep.</span> <span class='ocrx_word' id='word_1_216' title='bbox 615 3535 636 3599; x_wconf 92' lang='grc'>1,</span> <span class='ocrx_word' id='word_1_217' title='bbox 656 3535 685 3600; x_wconf 84' lang='grc'>9;</span> <span class='ocrx_word' id='word_1_218' title='bbox 713 3552 767 3588; x_wconf 92' lang='lat' dir='ltr'>non</span> <span class='ocrx_word' id='word_1_219' title='bbox 790 3533 885 3603; x_wconf 87' lang='lat' dir='ltr'>magni</span> <span class='ocrx_word' id='word_1_220' title='bbox 912 3537 973 3588; x_wconf 85' lang='lat' dir='ltr'>erat</span> <span class='ocrx_word' id='word_1_221' title='bbox 990 3532 1131 3597; x_wconf 88' lang='lat' dir='ltr'>momenti,</span> <span class='ocrx_word' id='word_1_222' title='bbox 1159 3533 1232 3602; x_wconf 88' lang='lat' dir='ltr'>qnod</span> <span class='ocrx_word' id='word_1_223' title='bbox 1250 3551 1327 3604; x_wconf 88' lang='lat' dir='ltr'>prae·</span> 
     </span>
     <span class='ocr_line' id='line_1_30' title="bbox 256 3616 1327 3688; baseline 0.002 -18"><span class='ocrx_word' id='word_1_224' title='bbox 256 3617 348 3671; x_wconf 82' lang='lat' dir='ltr'>fectus</span> <span class='ocrx_word' id='word_1_225' title='bbox 366 3616 498 3672; x_wconf 84' lang='lat' dir='ltr'>feriarum</span> <span class='ocrx_word' id='word_1_226' title='bbox 517 3617 687 3683; x_wconf 85' lang='lat' dir='ltr'>Latinarum,</span> <span class='ocrx_word' id='word_1_227' title='bbox 712 3636 794 3688; x_wconf 86' lang='lat' dir='ltr'>quem</span> <span class='ocrx_word' id='word_1_228' title='bbox 814 3618 942 3673; x_wconf 83' lang='lat' dir='ltr'>consules</span> <span class='ocrx_word' id='word_1_229' title='bbox 960 3619 1065 3673; x_wconf 82' lang='lat' dir='ltr'>Romae</span> <span class='ocrx_word' id='word_1_230' title='bbox 1083 3617 1239 3688; x_wconf 87' lang='lat' dir='ltr'>relinquere</span> <span class='ocrx_word' id='word_1_231' title='bbox 1258 3618 1327 3673; x_wconf 86' lang='lat' dir='ltr'>sole·</span> 
     </span>
     <span class='ocr_line' id='line_1_31' title="bbox 256 3700 1327 3774; baseline 0.002 -20"><span class='ocrx_word' id='word_1_232' title='bbox 256 3701 331 3766; x_wconf 83' lang='lat' dir='ltr'>bant,</span> <span class='ocrx_word' id='word_1_233' title='bbox 358 3700 532 3756; x_wconf 86' lang='lat' dir='ltr'>comitiorum</span> <span class='ocrx_word' id='word_1_234' title='bbox 560 3705 729 3774; x_wconf 79' lang='lat' dir='ltr'>senatusque</span> <span class='ocrx_word' id='word_1_235' title='bbox 754 3703 993 3757; x_wconf 83' lang='lat' dir='ltr'>convocandorum</span> <span class='ocrx_word' id='word_1_236' title='bbox 1012 3701 1135 3772; x_wconf 81' lang='lat' dir='ltr'>iurisque</span> <span class='ocrx_word' id='word_1_237' title='bbox 1154 3701 1263 3756; x_wconf 89' lang='lat' dir='ltr'>dicendi</span> <span class='ocrx_word' id='word_1_238' title='bbox 1281 3721 1327 3774; x_wconf 88' lang='lat' dir='ltr'>po·</span> 
     </span>
     <span class='ocr_line' id='line_1_32' title="bbox 254 3786 1328 3942; baseline 0.004 -18"><span class='ocrx_word' id='word_1_239' title='bbox 254 3788 387 3940; x_wconf 37' lang='lat' dir='ltr'>test&amp;felii</span> <span class='ocrx_word' id='word_1_240' title='bbox 405 3786 570 3926; x_wconf 51' lang='lat' dir='ltr'>lffiiibaltoco</span> <span class='ocrx_word' id='word_1_241' title='bbox 596 3874 621 3936; x_wconf 88' lang='grc'>5,</span> <span class='ocrx_word' id='word_1_242' title='bbox 652 3873 693 3937; x_wconf 90' lang='grc'>17,</span> <span class='ocrx_word' id='word_1_243' title='bbox 720 3869 762 3927; x_wconf 82' lang='lat'>2:&#39;</span> <span class='ocrx_word' id='word_1_244' title='bbox 778 3871 968 3942; x_wconf 80' lang='lat' dir='ltr'>,magistratus</span> <span class='ocrx_word' id='word_1_245' title='bbox 987 3871 1057 3926; x_wconf 79' lang='lat' dir='ltr'>vitio</span> <span class='ocrx_word' id='word_1_246' title='bbox 1081 3875 1191 3927; x_wconf 81' lang='lat' dir='ltr'>creatos</span> <span class='ocrx_word' id='word_1_247' title='bbox 1212 3871 1328 3928; x_wconf 80' lang='lat' dir='ltr'>Latinas</span> 
     </span>
     <span class='ocr_line' id='line_1_33' title="bbox 254 3954 1328 4032; baseline 0.001 -22"><span class='ocrx_word' id='word_1_248' title='bbox 254 3973 421 4026; x_wconf 85' lang='lat' dir='ltr'>sacrumque</span> <span class='ocrx_word' id='word_1_249' title='bbox 439 3954 468 4010; x_wconf 90' lang='lat' dir='ltr'>in</span> <span class='ocrx_word' id='word_1_250' title='bbox 487 3955 595 4032; x_wconf 87' lang='lat' dir='ltr'>Albano</span> <span class='ocrx_word' id='word_1_251' title='bbox 615 3975 669 4011; x_wconf 92' lang='lat' dir='ltr'>non</span> <span class='ocrx_word' id='word_1_252' title='bbox 688 3957 741 4012; x_wconf 83' lang='lat' dir='ltr'>rite</span> <span class='ocrx_word' id='word_1_253' title='bbox 760 3957 929 4029; x_wconf 81' lang='lat' dir='ltr'>concepisse’</span> <span class='ocrx_word' id='word_1_254' title='bbox 949 3977 1005 4013; x_wconf 88' lang='lat' dir='ltr'>vox</span> <span class='ocrx_word' id='word_1_255' title='bbox 1025 3956 1156 4023; x_wconf 82' lang='lat' dir='ltr'>,Latinas&#39;</span> <span class='ocrx_word' id='word_1_256' title='bbox 1179 3955 1273 4012; x_wconf 85' lang='lat' dir='ltr'>nescio</span> <span class='ocrx_word' id='word_1_257' title='bbox 1292 3975 1328 4012; x_wconf 85' lang='lat' dir='ltr'>an</span> 
     </span>
     <span class='ocr_line' id='line_1_34' title="bbox 258 4041 1328 4114; baseline 0.001 -19"><span class='ocrx_word' id='word_1_258' title='bbox 258 4041 410 4114; x_wconf 80' lang='lat' dir='ltr'>depravata</span> <span class='ocrx_word' id='word_1_259' title='bbox 431 4041 471 4096; x_wconf 86' lang='lat' dir='ltr'>sib</span> <span class='ocrx_word' id='word_1_260' title='bbox 492 4041 694 4113; x_wconf 89' lang='lat' dir='ltr'>legendumque</span> <span class='ocrx_word' id='word_1_261' title='bbox 713 4043 805 4114; x_wconf 84' lang='lat' dir='ltr'>potius</span> <span class='ocrx_word' id='word_1_262' title='bbox 825 4043 930 4109; x_wconf 85' lang='lat' dir='ltr'>‚ludos&#39;‚</span> <span class='ocrx_word' id='word_1_263' title='bbox 954 4043 1019 4114; x_wconf 87' lang='lat' dir='ltr'>quio</span> <span class='ocrx_word' id='word_1_264' title='bbox 1038 4043 1086 4097; x_wconf 88' lang='lat' dir='ltr'>ille</span> <span class='ocrx_word' id='word_1_265' title='bbox 1104 4042 1177 4097; x_wconf 86' lang='lat' dir='ltr'>Livii</span> <span class='ocrx_word' id='word_1_266' title='bbox 1196 4043 1273 4098; x_wconf 82' lang='lat' dir='ltr'>locus</span> <span class='ocrx_word' id='word_1_267' title='bbox 1293 4043 1328 4096; x_wconf 86' lang='lat' dir='ltr'>ad</span> 
     </span>
     <span class='ocr_line' id='line_1_35' title="bbox 259 4125 1329 4198; baseline 0.002 -19"><span class='ocrx_word' id='word_1_268' title='bbox 259 4125 332 4181; x_wconf 91' lang='lat' dir='ltr'>huuc</span> <span class='ocrx_word' id='word_1_269' title='bbox 357 4128 466 4197; x_wconf 85' lang='lat' dir='ltr'>spectat</span> <span class='ocrx_word' id='word_1_270' title='bbox 490 4129 519 4181; x_wconf 83' lang='lat' dir='ltr'>et</span> <span class='ocrx_word' id='word_1_271' title='bbox 536 4145 592 4180; x_wconf 83' lang='lat' dir='ltr'>vox</span> <span class='ocrx_word' id='word_1_272' title='bbox 617 4126 777 4180; x_wconf 82' lang='lat' dir='ltr'>Latinarum</span> <span class='ocrx_word' id='word_1_273' title='bbox 804 4145 852 4198; x_wconf 88' lang='lat' dir='ltr'>pro</span> <span class='ocrx_word' id='word_1_274' title='bbox 880 4127 968 4183; x_wconf 85' lang='lat' dir='ltr'>sacris</span> <span class='ocrx_word' id='word_1_275' title='bbox 990 4127 1019 4182; x_wconf 90' lang='lat' dir='ltr'>in</span> <span class='ocrx_word' id='word_1_276' title='bbox 1042 4130 1136 4182; x_wconf 82' lang='lat' dir='ltr'>monte</span> <span class='ocrx_word' id='word_1_277' title='bbox 1160 4127 1243 4182; x_wconf 84' lang='lat' dir='ltr'>factis</span> <span class='ocrx_word' id='word_1_278' title='bbox 1269 4145 1329 4198; x_wconf 88' lang='lat' dir='ltr'>per·</span> 
     </span>
     <span class='ocr_line' id='line_1_36' title="bbox 256 4209 1327 4282; baseline 0.002 -19"><span class='ocrx_word' id='word_1_279' title='bbox 256 4225 342 4281; x_wconf 83' lang='lat' dir='ltr'>saepe</span> <span class='ocrx_word' id='word_1_280' title='bbox 359 4209 411 4280; x_wconf 87' lang='lat' dir='ltr'>(ef.</span> <span class='ocrx_word' id='word_1_281' title='bbox 430 4227 492 4281; x_wconf 83' lang='lat' dir='ltr'>pag.</span> <span class='ocrx_word' id='word_1_282' title='bbox 512 4214 529 4267; x_wconf 89' lang='grc'>6</span> <span class='ocrx_word' id='word_1_283' title='bbox 550 4227 613 4265; x_wconf 87' lang='lat' dir='ltr'>ann.</span> <span class='ocrx_word' id='word_1_284' title='bbox 635 4210 674 4280; x_wconf 88' lang='lat'>1),</span> <span class='ocrx_word' id='word_1_285' title='bbox 700 4229 749 4282; x_wconf 89' lang='lat' dir='ltr'>pro</span> <span class='ocrx_word' id='word_1_286' title='bbox 773 4211 847 4266; x_wconf 90' lang='lat' dir='ltr'>ludis</span> <span class='ocrx_word' id='word_1_287' title='bbox 866 4212 969 4266; x_wconf 84' lang='lat' dir='ltr'>Romae</span> <span class='ocrx_word' id='word_1_288' title='bbox 988 4211 1092 4267; x_wconf 86' lang='lat' dir='ltr'>habitis</span> <span class='ocrx_word' id='word_1_289' title='bbox 1120 4211 1241 4266; x_wconf 86' lang='lat' dir='ltr'>occurrit</span> <span class='ocrx_word' id='word_1_290' title='bbox 1259 4229 1327 4266; x_wconf 93' lang='lat' dir='ltr'>nun·</span> 
     </span>
     <span class='ocr_line' id='line_1_37' title="bbox 256 4312 350 4366; baseline 0.021 -18"><span class='ocrx_word' id='word_1_291' title='bbox 256 4312 350 4366; x_wconf 89' lang='lat' dir='ltr'>quam.</span> 
     </span>
    </p>
   </div>
   <div class='ocr_carea' id='block_1_8' title="bbox 0 0 1589 5116">
    <p class='ocr_par' dir='ltr' id='par_1_11' title="bbox 0 0 1589 5116">
     <span class='ocr_line' id='line_1_38' title="bbox 0 0 1589 5116; baseline 0 0"><span class='ocrx_word' id='word_1_292' title='bbox 0 0 1589 5116; x_wconf 95' lang='lat' dir='ltr'> </span> 
     </span>
    </p>
   </div>
  </div>
 </body>
</html>
