3158 5116
839 480 874 537 30

322 635 375 694 tus
399 634 449 694 est
473 627 583 692 Latiar
594 624 627 712 ¹).
652 627 756 708 Quem
780 625 930 692 ultimum
955 627 1043 692 diern
1068 625 1170 692 luisse
1194 629 1393 694 documento

322 738 400 798 sunt
423 731 503 798 Livii
528 730 600 796 libri
624 729 676 814 25,
705 731 746 796 12
771 730 886 798 verba:
925 731 1060 813 ‚Romae
1084 731 1238 798 consules
1261 739 1393 814 praeto-

322 853 442 921 resque
465 853 569 920 usque
593 836 636 900 ad
659 841 737 902 ante
761 835 848 901 diem
871 835 1020 919 quintum
1044 835 1109 900 kal.
1134 835 1239 902 Maias
1256 836 1392 903 Latinae

322 946 510 1020 tenuerunt3
544 958 584 1005 eo
614 939 667 1004 die
697 944 885 1021 perpetrato
917 957 1015 1004 sacro
1047 940 1081 1004 in
1114 947 1226 1006 monte
1256 941 1290 1006 in
1313 961 1393 1006 suas

322 1044 460 1126 quisque
483 1043 672 1124 provincias
695 1041 957 1124 proficiscuntur¹
984 1049 1017 1109 et
1040 1044 1189 1108 eiusdem
1213 1044 1233 1108 l.
1258 1045 1311 1124 44,
1336 1045 1391 1125 22,

323 1145 518 1228 quibuscum
543 1145 696 1210 conferas
720 1144 789 1210 Cic.
814 1145 857 1209 ad
881 1143 918 1224 Q.
951 1142 988 1208 tr.
1020 1163 1070 1226 ep.
1096 1146 1126 1225 2,
1164 1146 1195 1222 4,
1218 1147 1393 1212 2etSuet.

323 1246 419 1313 Caes.
445 1265 473 1312 c.
498 1246 551 1312 79.
577 1246 684 1329 Atque
708 1263 750 1310 ex
773 1246 837 1310 boc
853 1245 1062 1328 potissimum
1079 1247 1132 1312 die
1148 1248 1274 1314 dierum
1294 1249 1396 1313 ratis

323 1367 399 1414 nem
423 1349 628 1432 intempore
652 1348 842 1414 Latinarum
868 1348 1052 1414 deliniendo
1075 1350 1259 1416 institutam
1284 1369 1359 1416 esse
1370 1347 1395 1436 ²)

323 1471 390 1518 non
414 1458 465 1517 est
488 1452 617 1516 mirum.

390 1554 475 1618 Dum
497 1553 635 1618 Latinae
659 1552 876 1631 habebantur,
901 1571 1017 1618 omnes
1038 1555 1250 1634 magistratus
1267 1556 1396 1621 Romae

323 1653 424 1734 urbis,
458 1660 617 1736 quantum
647 1653 715 1718 lieri
746 1658 884 1735 poterat,
924 1653 956 1716 in
985 1659 1097 1718 monte
1120 1655 1249 1720 Albano
1273 1657 1394 1722 adesse

324 1755 513 1839 oportebat;
538 1757 632 1821 euius
654 1756 702 1820 rei
726 1753 845 1821 Strabo
868 1755 945 1838 Vp.
964 1755 1046 1820 229:
1071 1755 1221 1836 ,ἐνταῦθα
1239 1752 1395 1834 Ῥωμαῖοι
1433 1819 1437 1825 ,

325 1855 382 1915 σῦν
408 1862 474 1928 τοῖς
496 1852 720 1923 ΛιιῐύιοιςΔιί
746 1852 890 1930 θύουσιν,
912 1851 1022 1916 ἅπασα
1051 1853 1068 1934 ἡ
1092 1855 1248 1934 συιαρχιόι
1282 1853 1397 1936 ἀθροι-

325 1954 452 2015 atirt'uu’
474 1961 508 2021 et
519 1955 696 2039 DIonysius
713 1957 792 2038 VIII,
818 1955 874 2021 87:
898 1950 981 2030 ,olus
1003 1950 1241 2035 ἀπαυλισθῆναι
1263 1955 1319 2034 τῆς
1340 1951 1397 2015 αό-

326 2065 405 2130 λιως
427 2053 536 2131 αὐτοῖς
556 2058 633 2134 (1.9.
655 2065 722 2130 τοῖς
744 2057 930 2142 δημάρχοις)
953 2057 1055 2142 θέμις,
1098 2054 1146 2121 ὅτι
1168 2059 1211 2140 μή
1235 2059 1316 2140 αρὸς
1339 2056 1396 2120 ἕνα

304 2147 445 2239 'anapia
476 2158 510 2220 ἐν
540 2147 563 2243 ᾧ
592 2159 690 2219 αᾶιιαι
724 2156 853 2220 θύουσιν
882 2156 915 2222 αἱ
945 2160 996 2242 τῆς
1024 2157 1147 2233 πόλεως
1169 2157 1268 2241 ἁρχαὶ
1290 2160 1397 2240 κοινήν

323 2254 401 2340 ὗιιὲρ
422 2259 478 2320 τοῦ
500 2257 653 2322 Λατίνων
674 2256 787 2333 ἔθνους
816 2261 859 2346 τῷ
878 2259 937 2326 Ari
966 2260 1084 2323 θυσίαι
1105 2259 1159 2322 ἐπὶ
1179 2261 1214 2322 τὸ
1230 2257 1397 2340 Ἀλβανῶν

324 2349 399 2440 ὅρος
421 2355 670 2436 ιιύιιβιιιυουσαιῖ

389 2457 532 2523 Alterius
557 2466 667 2524 autem
693 2461 839 2526 consulis
862 2461 948 2526 iusta
972 2463 1116 2544 quadam
1140 2480 1243 2526 eausa
1267 2462 1393 2524 Latinis

323 2561 483 2626 interesse
514 2561 670 2642 prohibiti
702 2561 887 2639 absentiam
918 2562 1064 2644 religioni
1096 2561 1177 2626 nihil
1200 2559 1389 2644 offecisse-³)

324 2680 363 2727 eo
387 2668 533 2744 apparet,
559 2663 646 2744 quod
670 2682 758 2727 anno
783 2661 849 2726 586
872 2683 903 2728 u.
929 2683 957 2727 ο.
981 2663 1073 2728 Livio
1097 2668 1232 2727 auctore
1256 2658 1327 2744 (45,
1352 2660 1393 2747 3)

322 2764 405 2829 alter
429 2763 555 2845 consul,
581 2782 657 2829 eum
679 2762 806 2845 eollega
828 2763 862 2828 in
887 2763 1082 2830 Macedonia
1105 2763 1191 2829 bello
1208 2768 1391 2844 occupatus

322 2873 419 2948 esset,
459 2865 548 2931 feriis
588 2867 710 2948 gratias
753 2867 826 2932 Jovi
863 2869 981 2949 agendi
1019 2887 1123 2933 eausa
1159 2867 1393 2948 redintegratis

322 2991 455 3038 sacrum
480 2968 554 3036 lenit
573 2969 749 3054 titulusque
774 2969 809 3036 C.
824 2970 846 3035 1.
862 2971 895 3036 L.
909 2971 961 3053 Vl,
977 2971 1005 3054 1,
1031 2971 1119 3036 2014
1143 2995 1186 3026 =
1202 2957 1285 3052 xlv,
1301 2970 1392 3035 2240

322 3076 503 3157 Augustum
529 3074 699 3140 consulem
723 3081 840 3158 quater
857 3076 1012 3158 deinceps
1029 3076 1062 3138 in
1079 3081 1191 3140 monte
1206 3095 1273 3140 non
1289 3073 1392 3139 luisse

323 3179 483 3242 doeetaut
494 3177 681 3263 valetudine
692 3179 883 3260 impeditum
898 3183 955 3241 aut
967 3178 1000 3242 in
1010 3177 1168 3259 Hispania
1177 3177 1345 3262 detentum
1352 3172 1390 3261 ⁴).

322 3281 482 3346 Memoria
507 3281 640 3360 dignum
665 3286 723 3361 est,
750 3280 836 3362 quod
851 3281 886 3344 in
903 3279 1092 3344 Latinarum
1110 3278 1202 3345 lastis
1216 3278 1392 3344 consulum

322 3384 458 3448 nomina
475 3379 575 3465 saepe
599 3381 664 3448 alio
688 3388 787 3466 atque
810 3383 844 3446 in
861 3383 979 3447 ceteris
1004 3381 1148 3447 fontibus
1172 3381 1286 3447 ordine
1310 3379 1392 3446 aile-

370 3567 398 3636 ,¹)
417 3568 451 3622 ef.
467 3566 587 3631 Macron
601 3565 657 3621 Ssi.
673 3567 693 3632 I,
709 3569 750 3633 16,
765 3569 811 3623 16;
822 3567 933 3632 ,Italian
946 3567 998 3622 hoe
1011 3570 1054 3622 est
1066 3567 1228 3622 Latinarum
1240 3566 1391 3632 sollemne'‚

322 3650 379 3705 cio.
399 3649 430 3714 Q.
448 3651 482 3704 ir.
502 3651 527 3714 2,
546 3652 572 3714 4,
591 3651 623 3704 2:
643 3650 711 3714 ‚dies
731 3654 811 3705 erant
829 3651 891 3715 duo,
910 3649 957 3720 qui
976 3653 1039 3722 posi
1057 3649 1172 3704 Latinas
1190 3650 1327 3704 habentur
1346 3668 1387 3704 re·
1432 3648 1433 3651 ’

321 3733 428 3803 ligiosi:
449 3736 539 3787 cetero
559 3733 713 3788 confestum
733 3737 793 3788 erat
805 3733 907 3789 Latiar.
922 3732 991 3788 Erat
1003 3733 1146 3789 exiturus.
1158 3776 1164 3789 .
1177 3737 1202 3798 .',
1216 3734 1292 3789 Cass.
1307 3733 1390 3789 Dion.

321 3821 365 3885 47,
384 3819 431 3875 40:
452 3824 476 3884 ,ὁ
497 3826 645 3893 pelluegas
664 3830 695 3878 iri
715 3825 854 3895 ,deincipem
874 3823 1017 3890 drisiparr'.

376 3905 398 3976 ²)
416 3908 451 3963 ei.
470 3908 530 3964 niv.
549 3913 592 3976 lt,
613 3912 655 3966 22.
690 3932 693 3937 ·

378 3990 398 4061 ³)
418 3993 453 4046 ef.
473 3993 600 4048 Momms.
619 3994 671 4050 iur.
690 3997 765 4067 publ.
784 3996 862 4050 Rom.
881 3995 936 4050 vol.
951 3995 964 4049 I
982 4013 1009 4067 p.
1026 3995 1069 4050 00.

376 4076 398 4146 ⁴)
418 4078 578 4134 oonsulibus
596 4079 763 4152 recipiendis
782 4079 916 4153 peculiari
935 4078 1058 4134 aedificio
1078 4079 1219 4153 provisum
1243 4078 1330 4134 luisse
1349 4097 1392 4134 ar·

319 4166 450 4230 gumenbo
469 4168 536 4220 sunt
554 4165 651 4221 Dinnis
669 4168 754 4222 verba
774 4170 817 4234 54,
828 4169 875 4224 29:
906 4174 1046 4243 ,κεραυνὸς
1067 4173 1094 4230 ἐς
1112 4175 1159 4236 τὴν
1186 4172 1216 4224 ἐν
1229 4181 1263 4240 apt
1280 4171 1396 4240 Ἀλβανῳ

319 4257 421 4314 οἰκίαν,
442 4259 470 4315 ἐς
490 4255 523 4321 liv
545 4261 571 4312 ol
592 4259 689 4314 ὕπατοι
710 4263 740 4314 ἐν
761 4270 819 4320 ruis
839 4265 1006 4335 ἱερουργίαις
1024 4262 1214 4322 καταλύουσιν,
1234 4259 1392 4328 ἐνέσιαψιι)
