3158 5116
749 520 782 576 31

233 669 365 742 runtur3
389 664 478 728 velut
502 661 578 728 lasti
602 663 681 727 nuni
704 661 771 726 305
794 683 826 726 u.
845 682 873 726 c.
891 683 912 727 a
927 663 1028 741 Livio,
1045 663 1204 746 Dionysio
1221 663 1304 738 Hal,

234 765 404 845 Cicerone,
434 765 574 844 Zonara,
598 783 760 830 annorum
784 763 849 828 538
873 769 906 828 et
928 761 993 827 552
1019 783 1039 827 a
1064 762 1157 828 lastis
1180 764 1306 846 capito-

233 867 318 946 linis
352 867 430 932 anni
455 865 498 931 43
521 887 551 947 p.
578 866 654 932 Chr.
680 885 758 930 na
790 866 872 930 Plin.
898 865 973 930 hist.
1001 871 1067 933 nat.
1096 866 1148 946 10,
1175 865 1227 945 12,
1252 865 1306 947 38,
1376 917 1378 921 .

234 970 314 1035 anni
340 969 404 1034 106
428 990 458 1051 p.
484 969 561 1034 Chr.
586 989 617 1034 n.
648 989 668 1034 a
698 968 792 1036 titulo
817 969 871 1036 Or.
896 970 997 1034 Henz.
1023 968 1095 1034 coll.
1111 969 1152 1034 lll
1169 989 1201 1034 n.
1216 969 1301 1035 7081

235 1072 449 1150 dissentiunt;
473 1071 610 1135 maximi
634 1089 713 1136 vero
738 1071 896 1136 momenti
920 1077 980 1152 est,
1008 1072 1097 1154 quod
1121 1071 1158 1151 Q.
1184 1071 1306 1137 Fabius

236 1175 409 1255 Maximus
434 1193 532 1258 quem
556 1173 659 1240 tribus
683 1174 839 1256 deinceps
860 1175 956 1239 annis
975 1174 1099 1239 Latinis
1116 1173 1307 1241 interfuisse

236 1278 284 1342 tit.
302 1277 338 1344 C.
352 1277 374 1342 Ι.
395 1277 429 1342 L.
453 1278 538 1361 XIV,
563 1277 651 1343 2238
668 1278 774 1357 docet,
799 1277 944 1360 inprimi
962 1277 1040 1342 anni
1063 1277 1167 1360 lastis,
1192 1299 1308 1362 quam·
1376 1309 1380 1318 Δ

237 1400 336 1464 quam
350 1381 420 1464 ipse
436 1381 577 1462 tertium,
591 1380 717 1464 collega
732 1381 875 1464 primum
888 1379 1003 1446 consul
1018 1385 1100 1462 erat,
1113 1381 1306 1463 posteriore,

237 1483 272 1547 in
295 1484 502 1566 sequentium
519 1503 681 1549 annorum
698 1481 791 1548 lastis
807 1483 917 1565 priore
937 1481 1010 1548 loco
1027 1481 1176 1564 allertur;
1201 1501 1308 1567 neque
1377 1472 1379 1476 ’

239 1587 388 1652 inversus
413 1607 477 1672 quo
502 1591 804 1653 commemorantur
827 1585 874 1651 Ti.
900 1584 1114 1668 Sempronius
1136 1585 1308 1652 Gracchus

239 1697 271 1757 ct
295 1691 415 1758 Fabius
439 1693 519 1758 ordo
543 1692 604 1757 erit
628 1691 898 1756 contemnendus.
946 1689 1059 1773 ltaque
1083 1709 1150 1756 non
1174 1690 1204 1756 ei
1229 1710 1308 1756 con·
1342 1716 1347 1726 ·

238 1794 310 1877 suli,
335 1796 390 1880 qui
415 1796 504 1879 prior
527 1801 659 1862 creatus
667 1792 691 1882 ¹)
715 1801 773 1861 aut
795 1794 902 1861 maior
919 1800 999 1860 natu
1016 1800 1088 1861 erat
1101 1799 1159 1860 aut
1174 1795 1308 1878 saepius

237 1899 446 1965 consulatum
476 1905 635 1981 gesserat,
669 1899 759 1982 prior
790 1898 931 1964 tributus
956 1903 1006 1964 est
1029 1899 1132 1981 locus,
1171 1899 1230 1965 sed
1254 1898 1306 1964 cui

238 2008 327 2068 sorte
351 2009 409 2068 arat
432 2004 579 2084 collegae
602 1999 801 2087 consensui)
817 2023 916 2068 sacra
932 2002 1106 2068 sollemnia
1121 2009 1216 2068 erant
1233 2021 1308 2084 pro-

238 2105 395 2170 curanda.
430 2106 535 2184 Quem
558 2103 812 2185 imperatoribus
837 2115 993 2170 eorumve
1018 2102 1122 2190 filiis³)
1147 2104 1307 2170 honorem

238 2227 260 2271 a
283 2206 416 2288 collegis
441 2207 579 2272 concedi
602 2206 735 2286 solitum
760 2224 834 2272 esse
858 2212 1119 2272 cousentaneum
1139 2213 1199 2272 est.

304 2337 411 2420 Atque
442 2355 500 2419 per
534 2355 650 2402 omnes
686 2336 877 2401 Latinarum
917 2337 987 2401 dies
1022 2336 1234 2417 magistratus
1273 2336 1307 2400 in

239 2445 350 2504 monte
374 2437 476 2504 luisse
499 2439 576 2506 inde
604 2438 711 2518 colligi
735 2443 852 2519 potest.
885 2438 973 2520 quod
995 2437 1183 2519 praelectus
1209 2438 1307 2503 leria-

236 2561 309 2605 rum
333 2541 534 2620 Latinarum,
560 2559 658 2622 quem
671 2539 825 2604 consules
838 2539 964 2605 Romae
985 2537 1223 2621 relinquebant,
1248 2557 1308 2621 per

236 2643 347 2725 plures
372 2643 442 2707 dies
466 2661 602 2707 munere
627 2637 867 2725 fungebatur⁴).
893 2640 1030 2706 Senatui
1044 2646 1154 2704 autem
1180 2642 1307 2706 Romae

238 2763 373 2810 manere
398 2749 506 2826 atque,
532 2744 560 2808 si
583 2744 689 2825 vellet,
715 2745 850 2809 decreta
875 2741 985 2808 lacere
1008 2743 1141 2809 licuisse
1166 2761 1185 2809 e
1210 2743 1305 2810 Gellii

239 2846 259 2911 l.
284 2847 356 2911 XlV
380 2866 408 2911 c.
434 2845 454 2910 8
479 2847 698 2928 cognoscitur.

302 2975 388 3040 Num
413 2975 496 3041 Latii
521 2976 714 3058 oppidorum
738 2993 868 3059 quoque
893 2994 1009 3042 omnes
1034 2977 1250 3058 magistratus
1275 2978 1308 3042 in

238 3084 385 3143 montem
409 3079 586 3144 convenire
611 3079 801 3160 oportuerit,
826 3097 844 3143 e
869 3077 1013 3143 fontibus
1037 3099 1104 3144 non
1128 3080 1211 3144 satis
1234 3099 1309 3162 per-

237 3177 319 3260 spici
350 3183 468 3260 potest,
504 3180 569 3244 nisi
602 3181 675 3262 quis
703 3178 877 3246 Strabonis
908 3179 982 3244 loco
1013 3180 1096 3261 Vp.
1121 3181 1187 3243 229
1218 3181 1307 3246 hunc

237 3299 371 3346 sensnm
406 3280 526 3346 elicere
558 3281 642 3362 vult;
675 3281 754 3346 illud
788 3286 917 3346 tanturn
950 3287 1125 3364 procerte
1150 3279 1308 3348 affirmari

237 3391 345 3469 potest
376 3404 416 3452 ex
447 3386 563 3470 quovis
590 3386 783 3454 Latinorum
806 3385 926 3470 oppido
951 3384 1181 3468 magistratum
1206 3405 1309 3470 quen-

295 3676 314 3747 ¹)
332 3675 361 3731 in
379 3676 446 3732 lssli
459 3675 524 3732 enni
544 3679 578 3732 42
597 3695 623 3748 p.
643 3675 706 3731 Cirr.
726 3694 753 3730 u.
773 3675 847 3748 prior
859 3675 989 3732 laudatur
1003 3676 1113 3732 Cestius
1127 3676 1233 3742 Gallus,
1253 3676 1306 3732 etsi

237 3762 334 3817 consul
346 3763 481 3818 suffectus
495 3765 562 3826 erut,
575 3761 710 3834 posterior
723 3761 843 3817 Caecina
856 3761 972 3832 bargus,
985 3761 1032 3832 qui
1045 3780 1094 3834 per
1102 3763 1192 3817 totum
1206 3780 1309 3817 annum

237 3849 329 3902 fasces
348 3847 444 3916 gessit.

292 3946 314 4018 ¹)
333 3947 522 4003 Mommsenus
547 3947 576 4002 in
599 3947 650 4003 iar.
674 3947 748 4020 publ.
773 3947 851 4003 Rom.
875 3946 930 4001 vol.
952 3947 964 4001 l
983 3965 1009 4018 p.
1028 3949 1061 4003 41
1083 3964 1124 4018 sq.
1144 3948 1305 4018 plerumque

238 4029 311 4085 inter
321 4031 449 4086 consules
458 4031 622 4087 convenisse
635 4031 845 4096 domonstravit,
860 4034 922 4086 uter
936 4049 1044 4102 quoque
1059 4034 1183 4103 tempore
1198 4050 1308 4087 ssorum

239 4113 380 4183 publicum
399 4117 510 4170 laceret.

296 4209 317 4281 ⁸)
334 4211 461 4282 Augusto
479 4213 524 4283 (c,
545 4213 564 4268 l.
585 4213 614 4268 L.
634 4213 707 4278 XIV,
727 4215 812 4285 2240)
832 4217 861 4270 el
879 4212 1037 4269 Domitiano
1055 4212 1106 4284 (ib.
1126 4213 1220 4283 2242).

293 4295 315 4366 ⁴)
335 4297 370 4351 ci.
390 4297 467 4354 (iuss.
487 4297 566 4353 Dion.
585 4299 630 4364 ta,
649 4301 685 4354 48
705 4302 734 4354 ab
752 4301 794 4364 53,
814 4302 857 4356 33.
