<?xml version="1.0" encoding="UTF-8"?>
<!DOCTYPE html PUBLIC "-//W3C//DTD XHTML 1.0 Transitional//EN"
    "http://www.w3.org/TR/xhtml1/DTD/xhtml1-transitional.dtd">
<html xmlns="http://www.w3.org/1999/xhtml" xml:lang="en" lang="en">
 <head>
  <title>
</title>
<meta http-equiv="Content-Type" content="text/html;charset=utf-8" />
  <meta name='ocr-system' content='tesseract 3.04.00' />
  <meta name='ocr-capabilities' content='ocr_page ocr_carea ocr_par ocr_line ocrx_word'/>
</head>
<body>
  <div class='ocr_page' id='page_1' title='image "./deferiislatinis00werngoog_0012.png"; bbox 0 0 3158 5116; ppageno 0'>
   <div class='ocr_carea' id='block_1_1' title="bbox 204 1475 1329 3936">
    <p class='ocr_par' dir='ltr' id='par_1_1' title="bbox 252 1475 1329 3322">
     <span class='ocr_line' id='line_1_1' title="bbox 320 1475 1326 1578; baseline 0.002 -23"><span class='ocrx_word' id='word_1_1' title='bbox 320 1475 533 1578; x_wconf 39' lang='lat' dir='ltr'>sy&#39;grrrmna</span> <span class='ocrx_word' id='word_1_2' title='bbox 557 1492 746 1557; x_wconf 87' lang='lat' dir='ltr'>constantia</span> <span class='ocrx_word' id='word_1_3' title='bbox 776 1497 809 1556; x_wconf 92' lang='lat' dir='ltr'>et</span> <span class='ocrx_word' id='word_1_4' title='bbox 832 1491 955 1574; x_wconf 87' lang='lat' dir='ltr'>pietate</span> <span class='ocrx_word' id='word_1_5' title='bbox 984 1511 1005 1555; x_wconf 89' lang='lat' dir='ltr'>a</span> <span class='ocrx_word' id='word_1_6' title='bbox 1029 1491 1188 1556; x_wconf 87' lang='lat' dir='ltr'>Romanis</span> <span class='ocrx_word' id='word_1_7' title='bbox 1213 1493 1326 1557; x_wconf 91' lang='lat' dir='ltr'>omnia</span> 
     </span>
     <span class='ocr_line' id='line_1_2' title="bbox 276 1588 1328 1676; baseline 0 -18"><span class='ocrx_word' id='word_1_8' title='bbox 276 1656 279 1669; x_wconf 87' lang='grc'><strong>,</strong></span> <span class='ocrx_word' id='word_1_9' title='bbox 378 1588 568 1671; x_wconf 58' lang='lat' dir='ltr'>,flinstituta</span> <span class='ocrx_word' id='word_1_10' title='bbox 591 1613 612 1659; x_wconf 89' lang='lat' dir='ltr'>a</span> <span class='ocrx_word' id='word_1_11' title='bbox 636 1593 817 1659; x_wconf 91' lang='lat' dir='ltr'>maioribus</span> <span class='ocrx_word' id='word_1_12' title='bbox 841 1593 973 1674; x_wconf 89' lang='lat' dir='ltr'>tradita,</span> <span class='ocrx_word' id='word_1_13' title='bbox 998 1593 1069 1658; x_wconf 90' lang='lat' dir='ltr'>sive</span> <span class='ocrx_word' id='word_1_14' title='bbox 1093 1593 1136 1658; x_wconf 90' lang='lat' dir='ltr'>ad</span> <span class='ocrx_word' id='word_1_15' title='bbox 1152 1612 1206 1658; x_wconf 90' lang='lat' dir='ltr'>res</span> <span class='ocrx_word' id='word_1_16' title='bbox 1222 1593 1328 1676; x_wconf 92' lang='lat' dir='ltr'>publi-</span> 
     </span>
     <span class='ocr_line' id='line_1_3' title="bbox 257 1695 1328 1779; baseline -0.003 -14"><span class='ocrx_word' id='word_1_17' title='bbox 257 1736 319 1771; x_wconf 64' lang='grc'>;.,-</span> <span class='ocrx_word' id='word_1_18' title='bbox 419 1717 478 1763; x_wconf 86' lang='lat' dir='ltr'>cas</span> <span class='ocrx_word' id='word_1_19' title='bbox 502 1698 572 1764; x_wconf 88' lang='lat' dir='ltr'>sive</span> <span class='ocrx_word' id='word_1_20' title='bbox 602 1697 646 1762; x_wconf 94' lang='lat' dir='ltr'>ad</span> <span class='ocrx_word' id='word_1_21' title='bbox 678 1697 807 1762; x_wconf 88' lang='lat' dir='ltr'>divinas</span> <span class='ocrx_word' id='word_1_22' title='bbox 838 1695 1057 1779; x_wconf 82' lang='lat' dir='ltr'>pertinebant,</span> <span class='ocrx_word' id='word_1_23' title='bbox 1089 1701 1223 1763; x_wconf 90' lang='lat' dir='ltr'>servata</span> <span class='ocrx_word' id='word_1_24' title='bbox 1254 1716 1328 1762; x_wconf 90' lang='lat' dir='ltr'>esse</span> 
     </span>
     <span class='ocr_line' id='line_1_4' title="bbox 255 1800 1329 1868; baseline 0.001 -2"><span class='ocrx_word' id='word_1_25' title='bbox 255 1803 340 1866; x_wconf 89' lang='lat' dir='ltr'>inter</span> <span class='ocrx_word' id='word_1_26' title='bbox 364 1821 480 1867; x_wconf 90' lang='lat' dir='ltr'>omues</span> <span class='ocrx_word' id='word_1_27' title='bbox 504 1807 646 1868; x_wconf 86' lang='lat' dir='ltr'>constat.</span> <span class='ocrx_word' id='word_1_28' title='bbox 694 1801 764 1866; x_wconf 87' lang='lat' dir='ltr'>Nec</span> <span class='ocrx_word' id='word_1_29' title='bbox 787 1820 866 1866; x_wconf 88' lang='lat' dir='ltr'>vero</span> <span class='ocrx_word' id='word_1_30' title='bbox 889 1801 924 1864; x_wconf 91' lang='lat' dir='ltr'>in</span> <span class='ocrx_word' id='word_1_31' title='bbox 947 1800 1015 1866; x_wconf 93' lang='lat' dir='ltr'>ulla</span> <span class='ocrx_word' id='word_1_32' title='bbox 1037 1820 1074 1866; x_wconf 89' lang='lat' dir='ltr'>re</span> <span class='ocrx_word' id='word_1_33' title='bbox 1097 1801 1182 1868; x_wconf 85' lang='lat' dir='ltr'>haec</span> <span class='ocrx_word' id='word_1_34' title='bbox 1206 1801 1329 1867; x_wconf 88' lang='lat' dir='ltr'>Roma-</span> 
     </span>
     <span class='ocr_line' id='line_1_5' title="bbox 254 1903 1328 1987; baseline 0.002 -19"><span class='ocrx_word' id='word_1_35' title='bbox 254 1925 372 1971; x_wconf 91' lang='lat' dir='ltr'>norum</span> <span class='ocrx_word' id='word_1_36' title='bbox 408 1905 536 1970; x_wconf 85' lang='lat' dir='ltr'>indoles</span> <span class='ocrx_word' id='word_1_37' title='bbox 570 1910 639 1970; x_wconf 90' lang='lat' dir='ltr'>tarn</span> <span class='ocrx_word' id='word_1_38' title='bbox 680 1904 822 1968; x_wconf 86' lang='lat' dir='ltr'>dilucide</span> <span class='ocrx_word' id='word_1_39' title='bbox 857 1909 992 1986; x_wconf 91' lang='lat' dir='ltr'>apparet</span> <span class='ocrx_word' id='word_1_40' title='bbox 1030 1924 1129 1987; x_wconf 90' lang='lat' dir='ltr'>quam</span> <span class='ocrx_word' id='word_1_41' title='bbox 1165 1905 1199 1968; x_wconf 93' lang='lat' dir='ltr'>in</span> <span class='ocrx_word' id='word_1_42' title='bbox 1238 1903 1328 1970; x_wconf 82' lang='lat' dir='ltr'>feriis</span> 
     </span>
     <span class='ocr_line' id='line_1_6' title="bbox 254 2005 1326 2089; baseline 0.001 -18"><span class='ocrx_word' id='word_1_43' title='bbox 254 2007 379 2072; x_wconf 87' lang='lat' dir='ltr'>Latinis</span> <span class='ocrx_word' id='word_1_44' title='bbox 402 2026 461 2089; x_wconf 88' lang='lat' dir='ltr'>per</span> <span class='ocrx_word' id='word_1_45' title='bbox 484 2007 622 2072; x_wconf 89' lang='lat' dir='ltr'>saecula</span> <span class='ocrx_word' id='word_1_46' title='bbox 645 2007 788 2088; x_wconf 87' lang='lat' dir='ltr'>plurima</span> <span class='ocrx_word' id='word_1_47' title='bbox 812 2005 999 2071; x_wconf 80' lang='lat' dir='ltr'>celebratis</span> <span class='ocrx_word' id='word_1_48' title='bbox 1025 2007 1155 2071; x_wconf 80' lang='lat' dir='ltr'>Etenim</span> <span class='ocrx_word' id='word_1_49' title='bbox 1178 2007 1326 2085; x_wconf 86' lang='lat' dir='ltr'>Latinae,</span> 
     </span>
     <span class='ocr_line' id='line_1_7' title="bbox 254 2109 1328 2194; baseline 0 -20"><span class='ocrx_word' id='word_1_50' title='bbox 254 2111 321 2175; x_wconf 91' lang='lat' dir='ltr'>iam</span> <span class='ocrx_word' id='word_1_51' title='bbox 359 2110 600 2194; x_wconf 82' lang='lat' dir='ltr'>antiquissimis</span> <span class='ocrx_word' id='word_1_52' title='bbox 641 2109 846 2193; x_wconf 85' lang='lat' dir='ltr'>temporibus</span> <span class='ocrx_word' id='word_1_53' title='bbox 881 2109 1059 2193; x_wconf 86' lang='lat' dir='ltr'>quotannis</span> <span class='ocrx_word' id='word_1_54' title='bbox 1095 2109 1138 2175; x_wconf 91' lang='lat' dir='ltr'>ab</span> <span class='ocrx_word' id='word_1_55' title='bbox 1174 2109 1328 2175; x_wconf 91' lang='lat' dir='ltr'>omnibus</span> 
     </span>
     <span class='ocr_line' id='line_1_8' title="bbox 255 2211 1329 2296; baseline -0.003 -17"><span class='ocrx_word' id='word_1_56' title='bbox 255 2213 443 2279; x_wconf 88' lang='lat' dir='ltr'>civitatibus</span> <span class='ocrx_word' id='word_1_57' title='bbox 467 2214 611 2280; x_wconf 91' lang='lat' dir='ltr'>nominis</span> <span class='ocrx_word' id='word_1_58' title='bbox 627 2214 734 2279; x_wconf 88' lang='lat' dir='ltr'>Latini</span> <span class='ocrx_word' id='word_1_59' title='bbox 757 2214 792 2277; x_wconf 93' lang='lat' dir='ltr'>in</span> <span class='ocrx_word' id='word_1_60' title='bbox 815 2213 938 2296; x_wconf 91' lang='lat' dir='ltr'>templo</span> <span class='ocrx_word' id='word_1_61' title='bbox 955 2213 1046 2279; x_wconf 84' lang='lat' dir='ltr'>lovis</span> <span class='ocrx_word' id='word_1_62' title='bbox 1061 2211 1215 2293; x_wconf 84' lang='lat' dir='ltr'>Latiaris,</span> <span class='ocrx_word' id='word_1_63' title='bbox 1241 2213 1329 2296; x_wconf 92' lang='lat' dir='ltr'>quod</span> 
     </span>
     <span class='ocr_line' id='line_1_9' title="bbox 254 2316 1327 2398; baseline 0.001 -17"><span class='ocrx_word' id='word_1_64' title='bbox 254 2323 327 2382; x_wconf 87' lang='lat' dir='ltr'>erat</span> <span class='ocrx_word' id='word_1_65' title='bbox 360 2318 395 2381; x_wconf 93' lang='lat' dir='ltr'>in</span> <span class='ocrx_word' id='word_1_66' title='bbox 419 2323 531 2382; x_wconf 93' lang='lat' dir='ltr'>moute</span> <span class='ocrx_word' id='word_1_67' title='bbox 561 2317 700 2398; x_wconf 89' lang='lat' dir='ltr'>Albano,</span> <span class='ocrx_word' id='word_1_68' title='bbox 737 2316 940 2382; x_wconf 89' lang='lat' dir='ltr'>sollemniter</span> <span class='ocrx_word' id='word_1_69' title='bbox 972 2321 1080 2397; x_wconf 88' lang='lat' dir='ltr'>actae,</span> <span class='ocrx_word' id='word_1_70' title='bbox 1116 2334 1183 2381; x_wconf 94' lang='lat' dir='ltr'>non</span> <span class='ocrx_word' id='word_1_71' title='bbox 1218 2318 1327 2397; x_wconf 90' lang='lat' dir='ltr'>modo,</span> 
     </span>
     <span class='ocr_line' id='line_1_10' title="bbox 254 2404 1328 2485; baseline -0.001 -2"><span class='ocrx_word' id='word_1_72' title='bbox 254 2438 330 2483; x_wconf 89' lang='lat' dir='ltr'>curn</span> <span class='ocrx_word' id='word_1_73' title='bbox 354 2419 462 2482; x_wconf 90' lang='lat' dir='ltr'>Latini</span> <span class='ocrx_word' id='word_1_74' title='bbox 493 2419 706 2485; x_wconf 89' lang='lat' dir='ltr'>atrocissimo</span> <span class='ocrx_word' id='word_1_75' title='bbox 736 2404 823 2484; x_wconf 94' lang='lat' dir='ltr'>bello</span> <span class='ocrx_word' id='word_1_76' title='bbox 847 2420 881 2482; x_wconf 95' lang='lat' dir='ltr'>in</span> <span class='ocrx_word' id='word_1_77' title='bbox 904 2419 1130 2484; x_wconf 89' lang='lat' dir='ltr'>Romanorum</span> <span class='ocrx_word' id='word_1_78' title='bbox 1163 2418 1328 2484; x_wconf 86' lang='lat' dir='ltr'>dicionem</span> 
     </span>
     <span class='ocr_line' id='line_1_11' title="bbox 252 2519 1328 2601; baseline -0.001 -17"><span class='ocrx_word' id='word_1_79' title='bbox 252 2521 432 2601; x_wconf 87' lang='lat' dir='ltr'>venissent,</span> <span class='ocrx_word' id='word_1_80' title='bbox 468 2520 584 2586; x_wconf 88' lang='lat' dir='ltr'>haberi</span> <span class='ocrx_word' id='word_1_81' title='bbox 619 2540 687 2586; x_wconf 93' lang='lat' dir='ltr'>non</span> <span class='ocrx_word' id='word_1_82' title='bbox 722 2525 799 2585; x_wconf 91' lang='lat' dir='ltr'>sunt</span> <span class='ocrx_word' id='word_1_83' title='bbox 827 2520 963 2600; x_wconf 87' lang='lat' dir='ltr'>desitae,</span> <span class='ocrx_word' id='word_1_84' title='bbox 998 2519 1102 2585; x_wconf 89' lang='lat' dir='ltr'>immo</span> <span class='ocrx_word' id='word_1_85' title='bbox 1125 2538 1215 2601; x_wconf 85' lang='lat' dir='ltr'>vero,</span> <span class='ocrx_word' id='word_1_86' title='bbox 1251 2540 1328 2585; x_wconf 86' lang='lat' dir='ltr'>cum</span> 
     </span>
     <span class='ocr_line' id='line_1_12' title="bbox 253 2620 1328 2704; baseline -0.001 -16"><span class='ocrx_word' id='word_1_87' title='bbox 253 2641 313 2688; x_wconf 89' lang='lat' dir='ltr'>eas</span> <span class='ocrx_word' id='word_1_88' title='bbox 337 2622 464 2704; x_wconf 79' lang='lat' dir='ltr'>neglegi</span> <span class='ocrx_word' id='word_1_89' title='bbox 488 2628 546 2688; x_wconf 92' lang='lat' dir='ltr'>aut</span> <span class='ocrx_word' id='word_1_90' title='bbox 568 2623 667 2704; x_wconf 87' lang='lat' dir='ltr'>plane</span> <span class='ocrx_word' id='word_1_91' title='bbox 690 2622 816 2688; x_wconf 90' lang='lat' dir='ltr'>aboleri</span> <span class='ocrx_word' id='word_1_92' title='bbox 839 2620 934 2686; x_wconf 84' lang='lat' dir='ltr'>nefas</span> <span class='ocrx_word' id='word_1_93' title='bbox 959 2640 1033 2686; x_wconf 88' lang='lat' dir='ltr'>esse</span> <span class='ocrx_word' id='word_1_94' title='bbox 1049 2622 1192 2687; x_wconf 89' lang='lat' dir='ltr'>Romani</span> <span class='ocrx_word' id='word_1_95' title='bbox 1216 2623 1328 2688; x_wconf 83' lang='lat' dir='ltr'>existi-</span> 
     </span>
     <span class='ocr_line' id='line_1_13' title="bbox 253 2724 1327 2808; baseline 0.001 -19"><span class='ocrx_word' id='word_1_96' title='bbox 253 2731 394 2806; x_wconf 91' lang='lat' dir='ltr'>marent,</span> <span class='ocrx_word' id='word_1_97' title='bbox 427 2725 518 2790; x_wconf 88' lang='lat' dir='ltr'>baud</span> <span class='ocrx_word' id='word_1_98' title='bbox 541 2745 677 2808; x_wconf 88' lang='lat' dir='ltr'>prorsus</span> <span class='ocrx_word' id='word_1_99' title='bbox 712 2727 908 2789; x_wconf 90' lang='lat' dir='ltr'>immutatae</span> <span class='ocrx_word' id='word_1_100' title='bbox 931 2742 1038 2806; x_wconf 91' lang='lat' dir='ltr'>usque</span> <span class='ocrx_word' id='word_1_101' title='bbox 1073 2725 1115 2788; x_wconf 94' lang='lat' dir='ltr'>ad</span> <span class='ocrx_word' id='word_1_102' title='bbox 1139 2724 1174 2789; x_wconf 93' lang='lat' dir='ltr'>id</span> <span class='ocrx_word' id='word_1_103' title='bbox 1196 2730 1327 2807; x_wconf 90' lang='lat' dir='ltr'>tempus</span> 
     </span>
     <span class='ocr_line' id='line_1_14' title="bbox 253 2826 1327 2914; baseline -0.002 -22"><span class='ocrx_word' id='word_1_104' title='bbox 253 2834 517 2914; x_wconf 87' lang='lat' dir='ltr'>permanserunt,</span> <span class='ocrx_word' id='word_1_105' title='bbox 550 2848 616 2912; x_wconf 92' lang='lat' dir='ltr'>quo</span> <span class='ocrx_word' id='word_1_106' title='bbox 651 2829 789 2894; x_wconf 89' lang='lat' dir='ltr'>deorum</span> <span class='ocrx_word' id='word_1_107' title='bbox 813 2827 920 2892; x_wconf 89' lang='lat' dir='ltr'>cultus</span> <span class='ocrx_word' id='word_1_108' title='bbox 949 2826 1066 2892; x_wconf 87' lang='lat' dir='ltr'>edictis</span> <span class='ocrx_word' id='word_1_109' title='bbox 1089 2826 1327 2908; x_wconf 89' lang='lat' dir='ltr'>imperatorum</span> 
     </span>
     <span class='ocr_line' id='line_1_15' title="bbox 254 2929 1327 3014; baseline -0.004 -16"><span class='ocrx_word' id='word_1_110' title='bbox 254 2931 519 2998; x_wconf 87' lang='lat' dir='ltr'>Christianorum</span> <span class='ocrx_word' id='word_1_111' title='bbox 543 2931 694 2998; x_wconf 90' lang='lat' dir='ltr'>sublatus</span> <span class='ocrx_word' id='word_1_112' title='bbox 718 2937 777 2998; x_wconf 92' lang='lat' dir='ltr'>est.</span> <span class='ocrx_word' id='word_1_113' title='bbox 818 2930 911 3011; x_wconf 86' lang='lat' dir='ltr'>Quae</span> <span class='ocrx_word' id='word_1_114' title='bbox 935 2929 1093 3014; x_wconf 90' lang='lat' dir='ltr'>quoniam</span> <span class='ocrx_word' id='word_1_115' title='bbox 1115 2947 1175 3013; x_wconf 91' lang='lat' dir='ltr'>per</span> <span class='ocrx_word' id='word_1_116' title='bbox 1197 2934 1327 2995; x_wconf 89' lang='lat' dir='ltr'>tantum</span> 
     </span>
     <span class='ocr_line' id='line_1_16' title="bbox 252 3033 1329 3119; baseline -0.001 -19"><span class='ocrx_word' id='word_1_117' title='bbox 252 3035 411 3118; x_wconf 89' lang='lat' dir='ltr'>temporis</span> <span class='ocrx_word' id='word_1_118' title='bbox 434 3035 579 3119; x_wconf 91' lang='lat' dir='ltr'>spatium</span> <span class='ocrx_word' id='word_1_119' title='bbox 601 3034 757 3116; x_wconf 89' lang='lat' dir='ltr'>vigebant</span> <span class='ocrx_word' id='word_1_120' title='bbox 780 3052 842 3100; x_wconf 91' lang='lat' dir='ltr'>nec</span> <span class='ocrx_word' id='word_1_121' title='bbox 866 3053 942 3100; x_wconf 90' lang='lat' dir='ltr'>raro</span> <span class='ocrx_word' id='word_1_122' title='bbox 967 3034 1010 3099; x_wconf 95' lang='lat' dir='ltr'>ad</span> <span class='ocrx_word' id='word_1_123' title='bbox 1034 3034 1175 3100; x_wconf 87' lang='lat' dir='ltr'>consilia</span> <span class='ocrx_word' id='word_1_124' title='bbox 1194 3033 1329 3118; x_wconf 86' lang='lat' dir='ltr'>publica</span> 
     </span>
     <span class='ocr_line' id='line_1_17' title="bbox 252 3137 1328 3220; baseline 0.001 -18"><span class='ocrx_word' id='word_1_125' title='bbox 252 3137 471 3220; x_wconf 89' lang='lat' dir='ltr'>pertinebant,</span> <span class='ocrx_word' id='word_1_126' title='bbox 496 3139 686 3204; x_wconf 85' lang='lat' dir='ltr'>accuratius</span> <span class='ocrx_word' id='word_1_127' title='bbox 710 3143 816 3204; x_wconf 91' lang='lat' dir='ltr'>totam</span> <span class='ocrx_word' id='word_1_128' title='bbox 841 3137 999 3204; x_wconf 80' lang='lat' dir='ltr'>feriarum</span> <span class='ocrx_word' id='word_1_129' title='bbox 1014 3138 1208 3204; x_wconf 91' lang='lat' dir='ltr'>Latinarum</span> <span class='ocrx_word' id='word_1_130' title='bbox 1232 3143 1328 3212; x_wconf 88' lang='lat' dir='ltr'>natu-</span> 
     </span>
     <span class='ocr_line' id='line_1_18' title="bbox 253 3240 1203 3322; baseline 0 -20"><span class='ocrx_word' id='word_1_131' title='bbox 253 3257 325 3303; x_wconf 85' lang='lat' dir='ltr'>ram</span> <span class='ocrx_word' id='word_1_132' title='bbox 350 3243 383 3304; x_wconf 93' lang='lat' dir='ltr'>et</span> <span class='ocrx_word' id='word_1_133' title='bbox 405 3240 569 3305; x_wconf 89' lang='lat' dir='ltr'>rationem</span> <span class='ocrx_word' id='word_1_134' title='bbox 593 3257 796 3321; x_wconf 84' lang='lat' dir='ltr'>cognoscere</span> <span class='ocrx_word' id='word_1_135' title='bbox 819 3257 942 3322; x_wconf 89' lang='lat' dir='ltr'>operae</span> <span class='ocrx_word' id='word_1_136' title='bbox 966 3240 1027 3304; x_wconf 91' lang='lat' dir='ltr'>erit</span> <span class='ocrx_word' id='word_1_137' title='bbox 1050 3240 1203 3322; x_wconf 90' lang='lat' dir='ltr'>pretium.</span> 
     </span>
    </p>

    <p class='ocr_par' dir='ltr' id='par_1_2' title="bbox 204 3340 1329 3936">
     <span class='ocr_line' id='line_1_19' title="bbox 320 3340 1327 3423; baseline 0.002 -17"><span class='ocrx_word' id='word_1_138' title='bbox 320 3342 414 3421; x_wconf 89' lang='lat' dir='ltr'>Quod</span> <span class='ocrx_word' id='word_1_139' title='bbox 447 3343 490 3406; x_wconf 91' lang='lat' dir='ltr'>ad</span> <span class='ocrx_word' id='word_1_140' title='bbox 527 3361 650 3408; x_wconf 91' lang='lat' dir='ltr'>nomen</span> <span class='ocrx_word' id='word_1_141' title='bbox 685 3343 812 3421; x_wconf 90' lang='lat' dir='ltr'>attinet,</span> <span class='ocrx_word' id='word_1_142' title='bbox 849 3342 934 3408; x_wconf 92' lang='lat' dir='ltr'>inter</span> <span class='ocrx_word' id='word_1_143' title='bbox 967 3340 1083 3423; x_wconf 83' lang='lat' dir='ltr'>,lorias</span> <span class='ocrx_word' id='word_1_144' title='bbox 1108 3341 1259 3408; x_wconf 89' lang='lat' dir='ltr'>Latinas‘</span> <span class='ocrx_word' id='word_1_145' title='bbox 1295 3349 1327 3408; x_wconf 91' lang='lat' dir='ltr'>et</span> 
     </span>
     <span class='ocr_line' id='line_1_20' title="bbox 204 3443 1328 3527; baseline -0.002 -15"><span class='ocrx_word' id='word_1_146' title='bbox 204 3507 206 3512; x_wconf 88' lang='grc'><strong>,</strong></span> <span class='ocrx_word' id='word_1_147' title='bbox 255 3443 423 3523; x_wconf 88' lang='lat' dir='ltr'>,Latinas&#39;</span> <span class='ocrx_word' id='word_1_148' title='bbox 457 3445 636 3510; x_wconf 89' lang='lat' dir='ltr'>discrimen</span> <span class='ocrx_word' id='word_1_149' title='bbox 661 3463 736 3510; x_wconf 89' lang='lat' dir='ltr'>esse</span> <span class='ocrx_word' id='word_1_150' title='bbox 759 3445 849 3510; x_wconf 88' lang='lat' dir='ltr'>viros</span> <span class='ocrx_word' id='word_1_151' title='bbox 873 3445 999 3524; x_wconf 90' lang='lat' dir='ltr'>doctos,</span> <span class='ocrx_word' id='word_1_152' title='bbox 1037 3445 1093 3527; x_wconf 91' lang='lat' dir='ltr'>qui</span> <span class='ocrx_word' id='word_1_153' title='bbox 1122 3445 1187 3510; x_wconf 86' lang='lat' dir='ltr'>hac</span> <span class='ocrx_word' id='word_1_154' title='bbox 1218 3446 1259 3511; x_wconf 92' lang='lat' dir='ltr'>de</span> <span class='ocrx_word' id='word_1_155' title='bbox 1292 3463 1328 3510; x_wconf 88' lang='lat' dir='ltr'>re</span> 
     </span>
     <span class='ocr_line' id='line_1_21' title="bbox 253 3545 1323 3630; baseline 0.002 -22"><span class='ocrx_word' id='word_1_156' title='bbox 253 3545 515 3626; x_wconf 87' lang='lat' dir='ltr'>disputaverunt,</span> <span class='ocrx_word' id='word_1_157' title='bbox 540 3545 630 3627; x_wconf 84' lang='lat' dir='ltr'>fugit.</span> <span class='ocrx_word' id='word_1_158' title='bbox 678 3545 745 3612; x_wconf 91' lang='lat' dir='ltr'>Sed</span> <span class='ocrx_word' id='word_1_159' title='bbox 768 3565 885 3612; x_wconf 91' lang='lat' dir='ltr'>omnes</span> <span class='ocrx_word' id='word_1_160' title='bbox 915 3545 1018 3626; x_wconf 83' lang='lat' dir='ltr'>locOS,</span> <span class='ocrx_word' id='word_1_161' title='bbox 1050 3547 1106 3630; x_wconf 90' lang='lat' dir='ltr'>qui</span> <span class='ocrx_word' id='word_1_162' title='bbox 1139 3547 1205 3611; x_wconf 92' lang='lat' dir='ltr'>huc</span> <span class='ocrx_word' id='word_1_163' title='bbox 1229 3547 1323 3628; x_wconf 91' lang='lat' dir='ltr'>perti·</span> 
     </span>
     <span class='ocr_line' id='line_1_22' title="bbox 253 3646 1329 3730; baseline 0.002 -19"><span class='ocrx_word' id='word_1_164' title='bbox 253 3652 343 3727; x_wconf 91' lang='lat' dir='ltr'>nent,</span> <span class='ocrx_word' id='word_1_165' title='bbox 368 3665 568 3730; x_wconf 89' lang='lat' dir='ltr'>comparans</span> <span class='ocrx_word' id='word_1_166' title='bbox 598 3646 754 3713; x_wconf 86' lang='lat' dir='ltr'>feriarum</span> <span class='ocrx_word' id='word_1_167' title='bbox 780 3649 972 3714; x_wconf 89' lang='lat' dir='ltr'>Latinarum</span> <span class='ocrx_word' id='word_1_168' title='bbox 1001 3668 1119 3715; x_wconf 90' lang='lat' dir='ltr'>vocem</span> <span class='ocrx_word' id='word_1_169' title='bbox 1149 3649 1252 3714; x_wconf 92' lang='lat' dir='ltr'>multo</span> <span class='ocrx_word' id='word_1_170' title='bbox 1275 3668 1329 3713; x_wconf 86' lang='lat' dir='ltr'>ra·</span> 
     </span>
     <span class='ocr_line' id='line_1_23' title="bbox 252 3747 1328 3833; baseline 0.004 -21"><span class='ocrx_word' id='word_1_171' title='bbox 252 3749 321 3813; x_wconf 91' lang='lat' dir='ltr'>rius</span> <span class='ocrx_word' id='word_1_172' title='bbox 345 3747 407 3830; x_wconf 88' lang='lat' dir='ltr'>legi</span> <span class='ocrx_word' id='word_1_173' title='bbox 432 3755 465 3814; x_wconf 90' lang='lat' dir='ltr'>et</span> <span class='ocrx_word' id='word_1_174' title='bbox 487 3750 531 3814; x_wconf 90' lang='lat' dir='ltr'>ad</span> <span class='ocrx_word' id='word_1_175' title='bbox 554 3750 616 3816; x_wconf 91' lang='lat' dir='ltr'>hos</span> <span class='ocrx_word' id='word_1_176' title='bbox 640 3751 711 3816; x_wconf 89' lang='lat' dir='ltr'>dies</span> <span class='ocrx_word' id='word_1_177' title='bbox 735 3749 839 3817; x_wconf 85' lang='lat' dir='ltr'>festos</span> <span class='ocrx_word' id='word_1_178' title='bbox 862 3752 897 3816; x_wconf 96' lang='lat' dir='ltr'>in</span> <span class='ocrx_word' id='word_1_179' title='bbox 920 3752 1112 3816; x_wconf 90' lang='lat' dir='ltr'>universum</span> <span class='ocrx_word' id='word_1_180' title='bbox 1140 3751 1328 3833; x_wconf 84' lang='lat' dir='ltr'>significan-</span> 
     </span>
     <span class='ocr_line' id='line_1_24' title="bbox 253 3848 1329 3936; baseline 0.002 -22"><span class='ocrx_word' id='word_1_181' title='bbox 253 3850 313 3916; x_wconf 91' lang='lat' dir='ltr'>dos</span> <span class='ocrx_word' id='word_1_182' title='bbox 337 3851 522 3916; x_wconf 88' lang='lat' dir='ltr'>adhibitam</span> <span class='ocrx_word' id='word_1_183' title='bbox 546 3869 621 3917; x_wconf 88' lang='lat' dir='ltr'>esse</span> <span class='ocrx_word' id='word_1_184' title='bbox 636 3848 671 3936; x_wconf 90' lang='lat'>¹),</span> <span class='ocrx_word' id='word_1_185' title='bbox 703 3853 895 3918; x_wconf 88' lang='lat' dir='ltr'>Latinarum</span> <span class='ocrx_word' id='word_1_186' title='bbox 918 3871 1037 3919; x_wconf 88' lang='lat' dir='ltr'>vocem</span> <span class='ocrx_word' id='word_1_187' title='bbox 1068 3853 1109 3918; x_wconf 91' lang='lat' dir='ltr'>de</span> <span class='ocrx_word' id='word_1_188' title='bbox 1132 3853 1239 3918; x_wconf 89' lang='lat' dir='ltr'>sacris</span> <span class='ocrx_word' id='word_1_189' title='bbox 1263 3852 1329 3919; x_wconf 88' lang='lat' dir='ltr'>sol-</span> 
     </span>
    </p>
   </div>
   <div class='ocr_carea' id='block_1_2' title="bbox 254 4033 1330 4356">
    <p class='ocr_par' dir='ltr' id='par_1_3' title="bbox 254 4033 1330 4356">
     <span class='ocr_line' id='line_1_25' title="bbox 310 4033 1329 4104; baseline 0.002 -14"><span class='ocrx_word' id='word_1_190' title='bbox 310 4033 330 4104; x_wconf 89' lang='lat'>¹)</span> <span class='ocrx_word' id='word_1_191' title='bbox 349 4035 438 4090; x_wconf 84' lang='lat' dir='ltr'>Varro</span> <span class='ocrx_word' id='word_1_192' title='bbox 458 4036 491 4090; x_wconf 86' lang='lat' dir='ltr'>da</span> <span class='ocrx_word' id='word_1_193' title='bbox 508 4035 526 4090; x_wconf 91' lang='lat' dir='ltr'>l.</span> <span class='ocrx_word' id='word_1_194' title='bbox 545 4035 606 4091; x_wconf 79' lang='lat' dir='ltr'>nar.</span> <span class='ocrx_word' id='word_1_195' title='bbox 625 4037 673 4100; x_wconf 90' lang='lat' dir='ltr'>Vl,</span> <span class='ocrx_word' id='word_1_196' title='bbox 692 4039 736 4102; x_wconf 80' lang='grc'>25,</span> <span class='ocrx_word' id='word_1_197' title='bbox 753 4037 809 4092; x_wconf 81' lang='lat' dir='ltr'>(lic.</span> <span class='ocrx_word' id='word_1_198' title='bbox 829 4038 864 4091; x_wconf 84' lang='lat' dir='ltr'>ad</span> <span class='ocrx_word' id='word_1_199' title='bbox 883 4039 948 4091; x_wconf 83' lang='lat' dir='ltr'>iam.</span> <span class='ocrx_word' id='word_1_200' title='bbox 968 4037 1043 4103; x_wconf 89' lang='lat' dir='ltr'>Vlll,</span> <span class='ocrx_word' id='word_1_201' title='bbox 1063 4040 1088 4103; x_wconf 87' lang='grc'>6,</span> <span class='ocrx_word' id='word_1_202' title='bbox 1107 4041 1133 4104; x_wconf 84' lang='lat'>8,</span> <span class='ocrx_word' id='word_1_203' title='bbox 1163 4039 1241 4093; x_wconf 83' lang='lat' dir='ltr'>(laos.</span> <span class='ocrx_word' id='word_1_204' title='bbox 1260 4038 1286 4092; x_wconf 88' lang='lat' dir='ltr'>b.</span> <span class='ocrx_word' id='word_1_205' title='bbox 1305 4055 1329 4092; x_wconf 88' lang='lat' dir='ltr'>c.</span> 
     </span>
     <span class='ocr_line' id='line_1_26' title="bbox 254 4119 1329 4192; baseline 0.002 -20"><span class='ocrx_word' id='word_1_206' title='bbox 254 4119 302 4184; x_wconf 89' lang='lat'>111,</span> <span class='ocrx_word' id='word_1_207' title='bbox 321 4121 346 4185; x_wconf 82' lang='lat'>2,</span> <span class='ocrx_word' id='word_1_208' title='bbox 366 4119 425 4174; x_wconf 77' lang='lat' dir='ltr'>niv.</span> <span class='ocrx_word' id='word_1_209' title='bbox 445 4122 488 4186; x_wconf 81' lang='lat'>32,</span> <span class='ocrx_word' id='word_1_210' title='bbox 510 4121 533 4184; x_wconf 89' lang='lat'>1,</span> <span class='ocrx_word' id='word_1_211' title='bbox 560 4119 589 4175; x_wconf 80' lang='grc' dir='ltr'>Ο.</span> <span class='ocrx_word' id='word_1_212' title='bbox 608 4119 629 4173; x_wconf 91' lang='grc' dir='ltr'>Ι.</span> <span class='ocrx_word' id='word_1_213' title='bbox 648 4119 678 4174; x_wconf 82' lang='lat' dir='ltr'>L.</span> <span class='ocrx_word' id='word_1_214' title='bbox 698 4120 710 4174; x_wconf 94' lang='grc' dir='ltr'>Ι</span> <span class='ocrx_word' id='word_1_215' title='bbox 728 4138 755 4192; x_wconf 93' lang='lat' dir='ltr'>p.</span> <span class='ocrx_word' id='word_1_216' title='bbox 774 4121 828 4176; x_wconf 79' lang='lat'>434</span> <span class='ocrx_word' id='word_1_217' title='bbox 847 4122 877 4174; x_wconf 89' lang='lat' dir='ltr'>et</span> <span class='ocrx_word' id='word_1_218' title='bbox 893 4120 968 4186; x_wconf 85' lang='lat' dir='ltr'>XIV,</span> <span class='ocrx_word' id='word_1_219' title='bbox 995 4122 1075 4182; x_wconf 83' lang='grc'><strong>2228,</strong></span> <span class='ocrx_word' id='word_1_220' title='bbox 1102 4120 1173 4176; x_wconf 90' lang='lat' dir='ltr'>Plin.</span> <span class='ocrx_word' id='word_1_221' title='bbox 1192 4121 1219 4176; x_wconf 90' lang='lat' dir='ltr'>b.</span> <span class='ocrx_word' id='word_1_222' title='bbox 1239 4139 1265 4174; x_wconf 89' lang='lat' dir='ltr'>u.</span> <span class='ocrx_word' id='word_1_223' title='bbox 1285 4123 1329 4184; x_wconf 85' lang='grc'>27,</span> 
     </span>
     <span class='ocr_line' id='line_1_27' title="bbox 254 4204 1330 4272; baseline -0.001 -12"><span class='ocrx_word' id='word_1_224' title='bbox 254 4207 279 4270; x_wconf 81' lang='grc'>7,</span> <span class='ocrx_word' id='word_1_225' title='bbox 299 4205 342 4272; x_wconf 83' lang='grc'>45,</span> <span class='ocrx_word' id='word_1_226' title='bbox 362 4205 426 4261; x_wconf 86' lang='lat' dir='ltr'>Tac.</span> <span class='ocrx_word' id='word_1_227' title='bbox 446 4205 517 4260; x_wconf 83' lang='lat' dir='ltr'>Ann.</span> <span class='ocrx_word' id='word_1_228' title='bbox 529 4205 576 4272; x_wconf 87' lang='lat' dir='ltr'>IV,</span> <span class='ocrx_word' id='word_1_229' title='bbox 595 4206 630 4262; x_wconf 79' lang='grc'>36</span> <span class='ocrx_word' id='word_1_230' title='bbox 649 4207 678 4260; x_wconf 83' lang='lat' dir='ltr'>et</span> <span class='ocrx_word' id='word_1_231' title='bbox 696 4205 744 4270; x_wconf 85' lang='lat' dir='ltr'>Vl,</span> <span class='ocrx_word' id='word_1_232' title='bbox 765 4206 806 4270; x_wconf 87' lang='lat'>11,</span> <span class='ocrx_word' id='word_1_233' title='bbox 830 4204 897 4260; x_wconf 85' lang='lat' dir='ltr'>Aur.</span> <span class='ocrx_word' id='word_1_234' title='bbox 916 4204 990 4260; x_wconf 76' lang='lat' dir='ltr'>vict.</span> <span class='ocrx_word' id='word_1_235' title='bbox 1009 4209 1035 4272; x_wconf 84' lang='lat'>5,</span> <span class='ocrx_word' id='word_1_236' title='bbox 1055 4208 1080 4272; x_wconf 88' lang='grc'>2,</span> <span class='ocrx_word' id='word_1_237' title='bbox 1100 4205 1186 4261; x_wconf 80' lang='lat' dir='ltr'>schol.</span> <span class='ocrx_word' id='word_1_238' title='bbox 1206 4205 1275 4260; x_wconf 91' lang='lat' dir='ltr'>Bob.</span> <span class='ocrx_word' id='word_1_239' title='bbox 1294 4205 1330 4260; x_wconf 86' lang='lat' dir='ltr'>ad</span> 
     </span>
     <span class='ocr_line' id='line_1_28' title="bbox 255 4290 531 4356; baseline 0.004 -11"><span class='ocrx_word' id='word_1_240' title='bbox 255 4290 311 4346; x_wconf 84' lang='lat' dir='ltr'>Oia.</span> <span class='ocrx_word' id='word_1_241' title='bbox 331 4291 423 4347; x_wconf 83' lang='lat' dir='ltr'>Plane.</span> <span class='ocrx_word' id='word_1_242' title='bbox 443 4294 469 4356; x_wconf 86' lang='grc'>9,</span> <span class='ocrx_word' id='word_1_243' title='bbox 488 4294 531 4348; x_wconf 84' lang='grc'>23.</span> 
     </span>
    </p>
   </div>
   <div class='ocr_carea' id='block_1_3' title="bbox 0 0 1584 5116">
    <p class='ocr_par' dir='ltr' id='par_1_4' title="bbox 0 0 1584 5116">
     <span class='ocr_line' id='line_1_29' title="bbox 0 0 1584 5116; baseline 0 0"><span class='ocrx_word' id='word_1_244' title='bbox 0 0 1584 5116; x_wconf 95' lang='lat' dir='ltr'> </span> 
     </span>
    </p>
   </div>
  </div>
 </body>
</html>
