3158 5116
693 481 708 496 '⁸
769 515 805 570 eo

253 669 331 730 sunt
353 663 426 728 Jovi
454 663 605 729 homines
630 665 777 746 mactati,
809 663 940 730 collatis
967 661 1165 728 testimoniis
1192 660 1321 726 Paulini

253 765 372 832 Nolani
395 783 503 848 poem.
528 765 630 832 ultim.
657 765 736 832 108:

361 869 456 951 ‚Hine
479 867 611 934 Latiare
635 869 759 936 malum
788 869 888 952 prisci
911 873 1058 934 statuere
1082 867 1234 951 Quirites,

361 972 402 1038 Ut
426 977 591 1036 mactatus
613 971 714 1036 homo
738 989 860 1036 nomen
881 971 1019 1037 satiaret
1041 971 1161 1052 inane',

254 1073 429 1139 Athanasii
453 1079 569 1138 eontra
593 1071 709 1140 Graec.
730 1093 761 1156 p.
786 1074 829 1138 27
853 1068 923 1147 ,καί
944 1067 973 1134 αἱ
997 1069 1096 1132 πάλαι
1118 1070 1150 1132 δὲ
1168 1066 1323 1148 Ῥωμαῖοι

255 1174 309 1236 τὸν
321 1173 511 1252 καλούμενον
528 1173 706 1253 Λαιιὰριαν
720 1173 785 1236 Διά
801 1169 1088 1255 ἀνθρωποθυσίαις
1112 1169 1324 1256 ἕθρὴσκευοι),

254 1276 426 1360 Porphyrii
464 1275 506 1340 de
537 1275 621 1344 abst.
654 1275 685 1358 2,
716 1272 776 1340 56:
810 1269 889 1356 ,ἀλλ’
918 1269 965 1336 ἔτι
994 1273 1052 1337 καί
1079 1275 1133 1336 νῦν
1154 1277 1202 1348 τίς
1223 1269 1329 1355 ἀγνοεῖ

258 1378 338 1439 κατὰ
359 1377 416 1458 τήν
430 1373 674 1458 μιγὰλαναόλια
696 1377 733 1462 τῇ
753 1376 809 1439 τοῦ
824 1377 1006 1458 Λαναρίου
1026 1377 1105 1452 Διὸς
1127 1372 1221 1464 ἑορτῇ
1243 1401 1326 1462 σφα.

257 1473 384 1558 ciperon
405 1475 588 1559 ἄνθρωπον
601 1475 640 1564 1);
674 1479 727 1544 oui
761 1481 809 1545 rei
833 1480 990 1566 Dionysii,
1026 1499 1101 1546 eum
1125 1480 1181 1561 IV,
1216 1479 1260 1545 49
1283 1481 1328 1546 de

256 1581 329 1645 sola
358 1581 392 1644 in
421 1586 533 1646 monte
564 1581 785 1647 sollemnitate
814 1583 995 1648 memoriae
1029 1583 1220 1666 prodiderit,
1244 1583 1327 1646 nihil

257 1680 359 1747 officit
376 1682 558 1757 silentium.

323 1783 431 1868 Atque
455 1785 556 1849 etiam
580 1785 663 1850 duos
685 1792 761 1869 post
784 1785 920 1852 Latinas
945 1787 1015 1852 dies
1037 1786 1208 1868 religiosos
1232 1786 1327 1854 habi-

258 1892 309 1954 tos
332 1905 407 1952 esse
431 1886 545 1952 Cicero
568 1887 602 1951 in
626 1888 719 1970 epist.
745 1889 788 1954 ad
813 1887 922 1968 Quint.
948 1887 985 1955 tr.
1009 1889 1041 1968 2,
1066 1889 1097 1969 4,
1122 1889 1142 1954 2
1166 1889 1289 1954 tradit.

755 2145 828 2230 §a

398 2291 462 2376 (loo
488 2293 569 2360 anni
594 2294 742 2378 tempore
766 2293 895 2362 tuerint
918 2292 1025 2362 feriae
1049 2293 1195 2361 Latinae.

326 2487 355 2551 A
378 2489 475 2552 tertio
499 2505 604 2570 usqne
628 2489 672 2553 ad
695 2494 824 2552 sextum
845 2486 934 2552 urbis
949 2487 1119 2552 saeculum
1134 2486 1328 2568 plerumque

260 2607 326 2652 non
349 2590 397 2654 ita
420 2590 522 2655 molto
546 2595 722 2673 postquam
742 2591 863 2654 summi
880 2591 1092 2670 magistratus
1108 2607 1228 2652 munus
1244 2587 1327 2650 inie-

258 2695 343 2771 runt,
369 2689 468 2756 lorias
493 2691 625 2757 habitas
650 2710 733 2772 esse,
759 2692 916 2774 quoniam
939 2691 1109 2774 permultis
1125 2692 1324 2772 scriptorum
1354 2767 1359 2774 ι

257 2794 340 2860 loeis
364 2800 463 2880 atque
486 2795 566 2879 ipsis
591 2793 685 2861 lastis
709 2793 876 2878 probatur,
901 2794 985 2860 inter
1009 2812 1125 2859 omnes
1150 2787 1324 2877 oonstot2).

258 2898 327 2966 Nee
359 2899 477 2966 mirum
507 2905 557 2966 est
586 2905 756 2983 propteroa
773 2899 858 2985 quod
885 2898 1074 2965 oonsulibus
1098 2918 1165 2964 non
1189 2903 1267 2964 ante
1291 2897 1325 2960 in

258 3003 445 3087 provincias
476 3003 640 3086 prolieisoi
678 3003 800 3068 lieebat
832 3023 932 3087 quam
964 3022 1097 3068 sacrum
1132 3003 1166 3066 in
1213 3007 1328 3065 monte

258 3102 565 3192 perpetrassent³).·
590 3107 704 3190 Neque
736 3107 842 3187 igitur,
883 3126 959 3171 oum
999 3105 1153 3172 eonsules
1199 3111 1326 3186 tempo-

259 3210 350 3275 ribus
385 3209 459 3274 aliis
494 3208 560 3275 alio
595 3209 648 3274 die
684 3210 913 3291 magistratum
949 3209 1079 3291 inirent,
1116 3207 1185 3272 fieri
1208 3206 1326 3289 potuit,

261 3315 339 3398 quin
363 3312 517 3378 feriarum
540 3317 671 3394 tempus
694 3313 812 3377 eadem
835 3313 964 3377 ratione
988 3309 1182 3376 differretur.
1228 3308 1329 3374 Velut

259 3438 347 3484 anno
371 3415 438 3482 303
461 3436 492 3481 u.
518 3434 557 3496 e,
582 3435 647 3499 quo
671 3414 825 3481 eonsules
848 3415 959 3495 Idibus
982 3413 1078 3481 Maiis
1095 3414 1327 3495 magistratum

206 3556 208 3563 ·
258 3522 362 3586 inisse
385 3519 641 3584 existimandum
665 3514 765 3603 est4),
790 3536 905 3582 mense
917 3517 1001 3583 Maio
1018 3536 1077 3582 seu
1092 3517 1202 3598 potius
1218 3515 1328 3594 lunio,

239 3642 348 3688 anno
372 3619 438 3684 305
462 3639 494 3686 u.
519 3639 557 3700 e,
582 3638 647 3702 quo
670 3619 716 3682 illi
740 3618 850 3684 Idibus
874 3617 1111 3683 Decembribus
1142 3610 1327 3698 inieraut⁶),

259 3735 472 3746 ...-.------

317 3778 336 3847 ι)
355 3777 443 3832 Looos
461 3776 515 3830 bue
533 3775 704 3848 pertinentes
722 3774 853 3829 collectos
877 3773 1003 3829 invenies
1026 3773 1055 3828 in
1078 3772 1196 3845 Roeperi
1219 3774 1329 3843 quaest.

206 3855 208 3859 ’
259 3862 355 3935 pontif.
374 3881 401 3935 p.
420 3864 455 3918 38
473 3879 515 3933 sq.

315 3947 336 4020 Β)
355 3949 392 4004 ef.
411 3949 499 4018 Marq.
519 3947 558 4000 Ill
576 3965 603 4018 p.
622 3947 674 4002 291
688 3963 729 4016 sq.
745 3949 774 4000 et
786 3946 912 4001 Momms.
926 3948 1032 4016 quaest.
1046 3943 1124 3998 Rom.
1137 3943 1164 3998 Il
1175 3961 1201 4014 p.
1216 3945 1268 3999 104
1285 3959 1327 4012 sq.

316 4034 336 4105 1)
356 4034 391 4088 oi.
410 4032 471 4088 niv.
491 4033 534 4098 21,
553 4034 601 4096 os,
620 4033 664 4096 25,
686 4033 731 4096 12;
750 4033 795 4097 41,
817 4033 861 4096 163
881 4033 924 4097 42,
943 4033 994 4094 35;
1013 4032 1048 4086 44
1065 4023 1090 4084 e.
1112 4031 1143 4085 17
1164 4031 1191 4082 et
1209 4046 1232 4082 o.
1254 4028 1286 4084 19
1300 4031 1330 4080 et

260 4137 283 4175 e.
301 4121 350 4184 92;
370 4119 447 4174 Oass.
467 4117 547 4172 Dion.
566 4118 609 4182 46,
629 4117 672 4172 33.

316 4203 339 4274 ⁴)
357 4204 392 4258 ef.
411 4203 538 4256 Momms.
557 4202 651 4256 ebron.
669 4200 747 4256 Rom.
766 4219 792 4272 p.
812 4202 854 4257 91.

315 4287 372 4359 ὓ11.
391 4287 409 4342 l.
429 4306 454 4358 p.
474 4288 517 4343 92.
