3158 5116
731 518 766 572 46

215 661 325 726 aetate
349 662 435 726 idem
453 657 595 746 tradit¹).
619 660 727 744 Atque
750 681 839 728 anno
863 663 929 728 720
951 681 983 726 u.
1008 683 1036 728 e.
1055 663 1285 729 adulescentu-

213 761 263 828 los
287 763 369 828 istos
393 763 556 845 equestris
580 762 703 826 ordinis
728 761 831 828 luisse
854 763 915 829 Dio
939 762 992 844 49,
1017 763 1060 828 42
1085 765 1171 828 inter
1201 764 1284 828 alias

214 883 267 930 res
301 864 479 930 inusitatas
511 861 799 949 commemoratl),
828 866 888 930 sed
916 865 1018 930 etiarn
1049 884 1138 930 anno
1164 864 1228 929 118
1252 885 1283 947 p.

215 965 291 1032 Chr.
316 987 348 1032 n.
374 985 475 1050 eques
498 965 649 1049 publicus
673 965 863 1049 praefectus
889 967 1045 1056 feriarum
1069 968 1235 1033 invenitur
1250 968 1284 1032 in

213 1068 307 1135 titulo
332 1068 368 1136 C.
393 1069 416 1134 l.
446 1069 481 1134 L.
506 1068 548 1135 Vl
573 1069 602 1150 1,
629 1068 725 1134 1421.
751 1069 827 1134 lam
850 1087 930 1135 vero
953 1070 1039 1135 haee
1061 1068 1284 1153 praefectura,

216 1190 292 1236 cum
315 1188 422 1254 aeque
446 1190 487 1236 ac
510 1171 675 1236 seviratus
700 1177 733 1236 et
754 1171 996 1254 vigintiviratus
1020 1178 1098 1239 ante
1129 1179 1286 1256 quaestu·

215 1293 288 1339 ram
311 1279 387 1356 post
408 1279 518 1354 togam
542 1273 670 1340 virilem
695 1279 864 1357 sumptam
895 1275 1164 1342 adulescentibus
1192 1281 1286 1358 pate-

216 1381 266 1443 ret
280 1381 322 1442 et
344 1377 396 1442 sui
419 1375 608 1442 hominibus
632 1378 827 1444 ostendendi
849 1379 1171 1461 commendandique
1187 1398 1287 1445 oeca-

216 1480 358 1545 sionem·
376 1479 479 1560 daret,
511 1479 554 1544 ad
584 1479 668 1544 filios
697 1485 901 1564 nepotesque
925 1481 1161 1564 imperatorum
1186 1500 1287 1563 saepe

218 1583 331 1648 delata
346 1586 406 1664 est,
431 1587 468 1647 ut
490 1582 532 1647 ad
547 1581 777 1665 Octavianum,
795 1583 948 1667 Drusum,
966 1583 1154 1652 Germanici
1173 1583 1286 1665 filium,

216 1687 394 1768 Neronem,
418 1685 633 1768 Hadrianum,
659 1686 700 1752 Μ.
725 1685 905 1754 Aurelium.
945 1687 1053 1773 Atque
1076 1689 1161 1755 adeo
1185 1688 1289 1771 impe-

217 1795 363 1856 ratorum
390 1795 550 1871 cognatos
577 1790 666 1854 hune
698 1790 860 1856 honorem
891 1792 988 1874 quasi
1017 1811 1198 1875 usurpasse
1221 1791 1290 1856 Au·

217 1895 303 1976 gusti
333 1893 462 1959 litterae
492 1894 536 1958 ad
559 1894 686 1959 Liviam
717 1895 827 1976 datae,
862 1914 948 1978 quae
976 1896 1064 1978 apud
1094 1896 1288 1963 Suetonium

217 1997 252 2060 in
276 1996 402 2062 Claudii
425 1996 515 2061 vitae
539 2015 612 2078 eap.
637 1996 658 2060 4
682 1997 904 2078 inveniuntur,
929 1998 1102 2080 praeclare
1126 1993 1288 2083 docent⁵).

286 2112 481 2178 Universum
508 2118 620 2178 autem
642 2112 804 2195 praefecti
829 2111 987 2178 feriarum
1006 2119 1205 2196 potestatem
1223 2134 1289 2180 uno

221 2213 327 2279 Taciti
351 2213 522 2280 enuntiato
555 2211 620 2299 (Vl,
653 2213 708 2301 11)
733 2216 969 2299 comprehendi
999 2216 1085 2298 lieet,
1119 2217 1175 2300 qui
1198 2216 1289 2281 illum

221 2314 397 2383 consulare
420 2336 540 2382 munus
563 2336 725 2400 usurpare
737 2313 765 2403 ⁴)
789 2319 912 2402 optime
936 2319 1025 2384 dicit.
1042 2319 1178 2386 Poterat
1193 2319 1291 2401 igitur

219 2417 406 2502 praelectus
430 2417 503 2483 urbi
527 2419 721 2484 Latinarum
745 2419 861 2486 diebus
886 2421 1020 2487 relictus
1053 2440 1159 2505 aeque
1190 2428 1290 2505 atque

219 2519 408 2604 praelectus
431 2520 504 2585 urbi
528 2521 606 2587 olim
631 2521 828 2588 constitutus
853 2528 1006 2588 senatum
1035 2542 1152 2605 eogere
1176 2525 1291 2590 mode-

219 2617 393 2706 rarique⁶),
430 2641 527 2704 agere
559 2643 636 2688 eum
670 2623 801 2707 populo,
847 2625 880 2688 id
912 2630 962 2690 est
999 2620 1133 2691 comitia
1148 2701 1151 2708 ,
1168 2645 1291 2692 convo-

219 2759 434 2770 ...2-——0

232 2847 235 2853 ¹
280 2818 300 2888 ¹)
320 2828 359 2894 ‚riq
380 2824 459 2878 πόλει
479 2827 625 2893 equanam
647 2826 763 2896 ἄρχοντα
780 2829 851 2898 πρὸς
870 2829 916 2880 ιὸν
938 2831 981 2892 τῆς
1001 2832 1099 2885 θυσίας
1116 2826 1221 2898 χρόνον
1239 2837 1291 2881 τών

226 2919 375 2989 γνωρίμων
392 2919 453 2968 rrvrl
473 2911 559 2968 viror?

276 3013 298 3087 ²)
318 3021 358 3094 ,ἔν
372 3036 398 3072 ιε
411 3027 471 3078 ταῖς
485 3018 598 3088 ἀνοχαῖς
613 3017 713 3082 ulqsroi
735 3017 790 3068 dard
802 3021 846 3068 rod
861 3015 996 3084 Καίσαρος
1008 3019 1162 3084 πολίαρχοι,
1180 3016 1291 3080 παῖδες,

222 3111 325 3180 ἄνηβοι,
344 3114 372 3173 ἐξ
388 3113 497 3163 ἱππέων
515 3105 619 3162 ἀλλὀὐκ
637 3108 667 3159 ἐκ
681 3110 830 3175 βουλευτῶν
855 3105 1001 3174 γεγονότες
1024 3100 1122 3174 &pinus
1143 3100 1221 3166 Quod
1239 3101 1292 3156 Dio

220 3195 273 3251 hue
290 3195 350 3252 loeo
369 3197 398 3250 et
415 3196 459 3260 53,
478 3195 513 3250 33
532 3192 617 3248 etiam
634 3209 735 3264 pueros
757 3191 960 3262 praesentarem
983 3189 1109 3246 tenuisse
1138 3189 1213 3256 dioit,
1239 3191 1292 3244 for·

221 3285 297 3336 tasse
316 3280 388 3334 lrnud
407 3279 495 3334 maior
513 3278 582 3332 lides
601 3276 626 3330 ei
645 3276 768 3340 debetur,
794 3292 878 3345 quam
897 3293 929 3328 eo
948 3274 1017 3337 loeo,
1040 3293 1094 3344 quo
1114 3274 1148 3329 de
1167 3274 1196 3328 L.
1215 3273 1293 3330 Junii

222 3364 308 3420 Silani
327 3363 517 3420 adnleseentia
534 3364 621 3418 refert
634 3363 693 3432 (60,
706 3363 739 3417 31
749 3361 767 3429 ),
790 3377 874 3430 quam
887 3377 950 3413 eum
976 3376 1161 3428 exaggerasse
1182 3376 1245 3430 pag.
1257 3359 1293 3414 48

222 3451 391 3507 ostendetur.
833 3493 835 3503 ,

278 3535 300 3606 ⁸)
318 3537 359 3602 ,In
387 3534 524 3590 Albanum
549 3536 671 3588 montem
698 3531 739 3586 ire
765 3549 828 3586 eum
856 3530 911 3601 [se.
931 3528 1101 3600 Cleudium]‚
1129 3545 1184 3583 non
1202 3527 1295 3599 placet

223 3619 311 3687 nobis,
330 3623 378 3676 aul
396 3637 458 3675 ease
477 3619 581 3674 Romae
599 3617 762 3673 Latinarum
781 3615 888 3670 diebus.
908 3614 963 3669 Gur
975 3613 1049 3668 enim
1062 3631 1117 3668 non
1135 3611 1295 3684 praeficitur

224 3704 293 3771 urbi,
312 3704 336 3760 si
355 3706 448 3776 potest
466 3702 545 3774 sequi
563 3703 678 3758 fratrom
698 3719 779 3757 suum
798 3700 827 3754 in
845 3699 1003 3754 montem‘?’

279 3789 301 3860 ⁴)
319 3789 477 3861 etquidem
495 3788 577 3858 qualo
595 3785 650 3842 ruit
668 3790 734 3842 ante
752 3788 912 3858 praeturam
931 3783 1097 3840 institutam.

279 3873 300 3944 ι)
319 3875 355 3929 ol.
375 3872 445 3928 Gall.
464 3871 541 3936 XIV,
561 3873 592 3926 8:
613 3870 796 3934 ,Praefectum
815 3867 877 3923 urbi
895 3867 1057 3922 Latinarum
1070 3882 1155 3922 eausa
1167 3864 1295 3946 relietum

224 3960 352 4013 sonatum
370 3957 472 4011 habere
490 3972 572 4025 posse
591 3954 692 4010 lunius
711 3953 766 4024 [se.
787 3952 981 4022 Graeehenus]
1000 3952 1092 4020 negat,
1112 3948 1242 4020 quoniam
1260 3967 1296 4003 ne

225 4047 336 4098 senator
354 4041 465 4112 quidem
483 4040 629 4108 sitneque
648 4038 693 4092 ius
711 4038 815 4092 habeat
833 4034 989 4091 sententiae
1009 4033 1150 4098 dicendae,
1178 4051 1241 4088 eum
1261 4051 1296 4088 ex

226 4145 260 4182 ea
278 4129 370 4182 aelate
388 4125 546 4197 praelautus
564 4123 621 4186 ilat,
641 4139 714 4192 quae
732 4139 787 4175 non
806 4119 846 4174 sil
865 4117 1014 4174 senatoria.
1038 4117 1076 4170 M.
1096 4119 1189 4170 aulem
1208 4116 1296 4170 Varro

227 4213 256 4266 et
273 4209 372 4266 Ateius
390 4208 487 4281 Capito
506 4207 550 4262 ius
569 4223 631 4262 esee
649 4206 791 4277 praefecto
810 4205 926 4258 sanatus
944 4199 1064 4256 habendi
1086 4199 1183 4254 dieunt
1209 4198 1297 4269 deque

227 4313 308 4352 aare
327 4295 475 4350 edssnsum
495 4309 556 4348 esse
576 4290 740 4364 Capitonem
759 4287 898 4344 Tuberoni
917 4289 1014 4343 contra
1031 4283 1199 4340 sententiam
1221 4283 1297 4338 Junii
