3158 5116
314 659 481 728 detritum
499 657 601 726 luisse
615 676 655 726 ex
673 659 753 725 Livii
769 659 878 726 verbis
900 666 1039 743 apparet
1060 659 1114 741 44,
1140 659 1181 726 17
1192 681 1199 724 :
1225 661 1384 742 ‚lustinus²

314 763 369 830 ubi
393 763 620 848 magistratum
644 761 703 848 (sc.
729 761 895 845 consules)
918 765 1056 830 inissent
1068 759 1101 850 ¹),
1126 765 1214 848 quod
1232 783 1290 856 per
1307 765 1386 830 reli·

314 867 428 952 giones
451 873 574 952 posset,
609 868 715 950 primo
739 885 870 952 quoque
892 873 1041 950 tempore
1067 869 1136 934 lieri
1164 869 1306 952 placere,
1341 887 1386 934 ne

314 971 392 1056 quid
416 969 596 1052 consulem,
621 971 674 1036 cui
698 970 842 1038 eundum
866 972 900 1035 in
923 970 1154 1037 Macedoniarn
1178 978 1276 1053 esset,
1292 979 1388 1036 tene-

315 1073 384 1140 rot'.
433 1073 472 1139 Et
504 1074 660 1157 quonlam
693 1073 861 1154 consules,
895 1074 950 1156 qui
981 1074 1033 1137 bis
1065 1080 1202 1138 senatus
1231 1075 1387 1155 precibus

315 1179 474 1258 attentum
498 1179 651 1257 poterant
673 1173 822 1239 obsecuti
839 1191 914 1238 esse
937 1174 1259 1256 existimandisunt,
1281 1175 1390 1257 pridie

316 1273 482 1342 Kalendas
513 1271 676 1360 Apriles')
706 1273 840 1340 Latinas
872 1274 1030 1340 babuisse
1060 1275 1148 1340 idem
1181 1284 1305 1356 narrat,
1344 1293 1388 1340 eu

316 1377 539 1462 septendecim
564 1377 634 1444 dies
657 1375 709 1442 vel
733 1377 818 1444 duaa
841 1377 1008 1443 nundinae
1031 1377 1263 1444 brevissimum
1286 1379 1391 1443 inter—

316 1477 438 1546 vallum
462 1479 548 1564 quod
574 1480 658 1546 inter
680 1479 815 1546 Latinas
838 1480 964 1546 edictas
980 1486 1013 1546 et
1028 1481 1337 1548 habitas-interesse
1355 1489 1391 1546 et

317 1579 387 1665 lege
411 1587 444 1650 et
466 1581 623 1666 religione
646 1582 776 1649 licebat.
824 1583 899 1648 Jam
923 1601 1002 1649 vero
1033 1586 1203 1650 celeritate
1225 1604 1390 1668 perquam

318 1681 450 1752 insolita
473 1701 588 1750 aarum
612 1685 862 1769 conceptionem
885 1694 1001 1752 secuta
1025 1693 1075 1752 est
1099 1687 1277 1753 celebratio
1297 1707 1390 1754 auno

319 1784 384 1854 tue
407 1805 438 1853 u.
463 1805 504 1870 o.,
529 1805 594 1872 quo
618 1785 744 1854 Caesen
768 1787 915 1854 Massilia
939 1795 1126 1872 expugnata
1150 1790 1292 1856 Romam
1317 1792 1390 1855 dic-

318 1893 459 1956 tatorem
483 1905 520 1956 ee
544 1907 712 1956 reversum
736 1892 898 1956 alveniaa
915 1890 1045 1957 dandae
1068 1899 1101 1957 et
1124 1890 1214 1957 feriis
1229 1893 1355 1958 Latinis
1363 1890 1390 1976 ³)

319 1991 527 2074 comitiisque
551 1991 704 2058 omnibus
727 1991 933 2074 perficiendis
957 1994 1110 2060 undecim
1134 1994 1205 2058 dies
1232 1995 1391 2058 tribuisse

319 2089 439 2178 dictu).

815 2289 888 2373 §a

580 2419 622 2487 be
647 2417 807 2487 iestomm
829 2419 958 2487 diorum
982 2437 1127 2488 numeru.

386 2611 436 2680 Ad
467 2613 593 2680 dierum
626 2611 783 2679 testor-um
815 2631 988 2678 numerum
1020 2615 1257 2698 exquirendum
1282 2633 1388 2680 ansas

319 2715 400 2782 dunt
423 2715 495 2782 sola
520 2715 599 2782 Livii
624 2715 725 2782 verbo
749 2717 802 2799 45,
828 2715 863 2781 3:
897 2717 1026 2799 ,iterum
1051 2717 1188 2782 Latinae
1212 2718 1342 2782 edictae
1367 2737 1391 2782 a

320 2817 456 2886 consule
479 2825 555 2886 sunt
579 2819 611 2886 in
635 2825 712 2886 ante
737 2820 824 2886 diem
848 2826 1001 2904 quartum
1026 2828 1058 2886 et
1081 2823 1213 2886 tertium
1235 2828 1267 2886 et
1283 2821 1390 2904 pridie

319 2921 392 2988 idua
422 2917 681 3010 novembrem),
714 2923 831 3008 quibus
862 2931 928 2990 tres
960 2925 1030 2990 dies
1061 2925 1117 2991 illo
1148 2926 1279 3009 quidem
1304 2931 1390 2990 tem-

378 3109 397 3181 ¹)
416 3109 510 3166 idibus
529 3109 647 3167 Martiis.

373 3195 396 3266 2)
416 3194 550 3252 lectiones
575 3194 638 3251 libri
663 3198 698 3252 44
724 3213 783 3268 cap.
805 3197 852 3253 19:
880 3195 977 3267 ‚pridie
996 3196 1059 3251 idus
1077 3195 1187 3268 Apriles
1206 3213 1268 3251 esee
1287 3196 1389 3250 consti-

320 3281 409 3337 tutam
429 3279 509 3336 diem’
539 3283 567 3336 et
594 3279 717 3336 eiusdem
745 3279 808 3336 libri
827 3299 886 3353 cup.
906 3283 953 3336 22:
983 3279 1106 3346 ,Latinae
1131 3280 1220 3352 pridie
1245 3281 1388 3336 Kalendas

319 3363 430 3437 Apriles
455 3365 575 3422 luerunt'
604 3383 777 3438 nequaquam
805 3365 877 3422 inter
904 3384 935 3422 ee
958 3367 1105 3422 convenire
1128 3366 1190 3422 luce
1209 3367 1312 3422 clarius
1331 3370 1388 3432 eat3

319 3453 403 3522 atque
421 3467 517 3506 verum
536 3468 638 3507 nexum
658 3454 787 3508 accurate
804 3451 989 3524 perscrutanti
1008 3451 1108 3523 prioris
1126 3451 1179 3506 loci
1199 3451 1284 3506 illud:
1305 3451 1387 3517 ‚idus’

319 3535 421 3592 leleum
441 3553 503 3591 essa
522 3539 643 3609 apparet,
662 3539 807 3608 propterea
825 3537 905 3606 quod,
934 3555 996 3591 cum
1014 3536 1102 3608 primo
1129 3554 1237 3606 quoque
1255 3540 1388 3607 tempore,

319 3620 390 3692 quoti
410 3637 459 3693 per
476 3619 625 3690 religiones
637 3623 739 3692 poseat,
752 3619 865 3674 Latinos
880 3620 939 3674 fleri
951 3619 1061 3675 senatui
1073 3619 1233 3690 placuisset,
1255 3619 1280 3674 si
1300 3619 1389 3690 pridie

319 3705 382 3762 idus
399 3704 510 3778 Apriles
528 3704 639 3761 habitae
658 3708 759 3771 esseut,
785 3722 801 3760 o
826 3704 985 3759 consulibus
1008 3721 1063 3758 non
1088 3721 1201 3776 prorsus
1222 3703 1386 3758 festinatum

321 3795 395 3850 osset
413 3791 458 3863 (ol.
478 3807 539 3864 pag.
559 3793 601 3858 21,
621 3809 685 3846 unm
710 3791 746 3862 6).
1283 3799 1286 3805 ·

377 3876 397 3948 ⁸)
416 3875 444 3932 in
463 3877 530 3932 urba
546 3893 597 3939 ,eas
616 3876 723 3949 concipi
743 3893 857 3932 necesse
876 3876 964 3932 luisse
983 3878 1197 3931 consentaneum
1217 3879 1267 3930 eet.

374 3961 398 4032 ⁴)
416 3961 480 4016 bell.
498 3961 551 4017 civ.
571 3961 619 4027 ΙΙΙ,
638 3963 663 4018 2.

375 4044 398 4116 ⁵)
416 4044 597 4116 sagacissime
622 4045 674 4100 hoc
700 4045 734 4099 de
759 4044 819 4099 loco
846 4044 1000 4116 disputavit
1025 4045 1213 4099 Mommsenus
1231 4044 1261 4098 in
1279 4047 1389 4115 quaest.

320 4130 398 4188 Rom.
417 4147 444 4186 v.
465 4130 498 4185 ΙΙ.
517 4149 543 4203 p.
566 4131 616 4187 106
634 4147 689 4202 eq.;
708 4130 757 4185 aed
775 4129 841 4200 quie
858 4129 922 4184 libri
932 4130 1064 4184 exhibent
1081 4133 1119 4196 ,et
1136 4148 1177 4201 pr.
1190 4129 1227 4184 id.
1240 4130 1320 4194 nob),
1333 4147 1388 4182 non

321 4219 365 4273 eet
392 4216 441 4272 'cur
463 4219 574 4290 propter
599 4215 671 4272 Plut.
697 4215 773 4271 (lam.
797 4217 833 4271 te
857 4215 1058 4269 Mommsenum
1086 4215 1175 4269 secuti
1197 4214 1324 4284 legamus
1352 4217 1391 4278 ‚et

320 4301 408 4375 pridie
427 4304 461 4358 et
478 4301 541 4357 idus
559 4300 747 4357 Novembres'.
