<?xml version="1.0" encoding="UTF-8"?>
<!DOCTYPE html PUBLIC "-//W3C//DTD XHTML 1.0 Transitional//EN"
    "http://www.w3.org/TR/xhtml1/DTD/xhtml1-transitional.dtd">
<html xmlns="http://www.w3.org/1999/xhtml" xml:lang="en" lang="en">
 <head>
  <title>
</title>
<meta http-equiv="Content-Type" content="text/html;charset=utf-8" />
  <meta name='ocr-system' content='tesseract 3.04.00' />
  <meta name='ocr-capabilities' content='ocr_page ocr_carea ocr_par ocr_line ocrx_word'/>
</head>
<body>
  <div class='ocr_page' id='page_1' title='image "./deferiislatinis00werngoog_0041.png"; bbox 0 0 3158 5116; ppageno 0'>
   <div class='ocr_carea' id='block_1_1' title="bbox 828 530 863 585">
    <p class='ocr_par' dir='ltr' id='par_1_1' title="bbox 828 530 863 585">
     <span class='ocr_line' id='line_1_1' title="bbox 828 530 863 585; baseline -0.029 0"><span class='ocrx_word' id='word_1_1' title='bbox 828 530 863 585; x_wconf 82' lang='grc'>84</span> 
     </span>
    </p>
   </div>
   <div class='ocr_carea' id='block_1_2' title="bbox 240 674 1384 3215">
    <p class='ocr_par' dir='ltr' id='par_1_2' title="bbox 311 674 1381 1473">
     <span class='ocr_line' id='line_1_2' title="bbox 311 674 1378 764; baseline -0.003 -19"><span class='ocrx_word' id='word_1_2' title='bbox 311 681 442 764; x_wconf 87' lang='lat' dir='ltr'>ponitur</span> <span class='ocrx_word' id='word_1_3' title='bbox 472 686 505 744; x_wconf 91' lang='lat' dir='ltr'>et</span> <span class='ocrx_word' id='word_1_4' title='bbox 534 677 673 744; x_wconf 86' lang='lat' dir='ltr'>Rossius</span> <span class='ocrx_word' id='word_1_5' title='bbox 701 674 798 760; x_wconf 91' lang='lat' dir='ltr'>(ann.</span> <span class='ocrx_word' id='word_1_6' title='bbox 824 678 854 742; x_wconf 92' lang='lat' dir='ltr'>d.</span> <span class='ocrx_word' id='word_1_7' title='bbox 880 677 954 742; x_wconf 88' lang='lat' dir='ltr'>inst.</span> <span class='ocrx_word' id='word_1_8' title='bbox 979 676 1023 741; x_wconf 88' lang='grc'>48</span> <span class='ocrx_word' id='word_1_9' title='bbox 1046 697 1077 760; x_wconf 92' lang='lat' dir='ltr'>p.</span> <span class='ocrx_word' id='word_1_10' title='bbox 1102 675 1185 762; x_wconf 79' lang='lat'>323)</span> <span class='ocrx_word' id='word_1_11' title='bbox 1209 678 1242 742; x_wconf 92' lang='lat' dir='ltr'>in</span> <span class='ocrx_word' id='word_1_12' title='bbox 1267 683 1378 743; x_wconf 90' lang='lat' dir='ltr'>monte</span> 
     </span>
     <span class='ocr_line' id='line_1_3' title="bbox 311 777 1377 865; baseline -0.001 -19"><span class='ocrx_word' id='word_1_13' title='bbox 311 800 466 862; x_wconf 90' lang='lat' dir='ltr'>magnam</span> <span class='ocrx_word' id='word_1_14' title='bbox 490 780 557 844; x_wconf 90' lang='lat' dir='ltr'>vim</span> <span class='ocrx_word' id='word_1_15' title='bbox 581 779 668 844; x_wconf 89' lang='lat' dir='ltr'>aeris</span> <span class='ocrx_word' id='word_1_16' title='bbox 692 779 784 844; x_wconf 90' lang='lat' dir='ltr'>rudis</span> <span class='ocrx_word' id='word_1_17' title='bbox 807 785 973 860; x_wconf 81' lang='lat' dir='ltr'>repertam</span> <span class='ocrx_word' id='word_1_18' title='bbox 1002 797 1077 845; x_wconf 89' lang='lat' dir='ltr'>esse</span> <span class='ocrx_word' id='word_1_19' title='bbox 1108 780 1332 845; x_wconf 83' lang='lat' dir='ltr'>communicat</span> <span class='ocrx_word' id='word_1_20' title='bbox 1346 777 1377 865; x_wconf 87' lang='lat'>¹).</span> 
     </span>
     <span class='ocr_line' id='line_1_4' title="bbox 311 879 1379 964; baseline 0 -18"><span class='ocrx_word' id='word_1_21' title='bbox 311 881 373 961; x_wconf 87' lang='lat' dir='ltr'>Qui</span> <span class='ocrx_word' id='word_1_22' title='bbox 398 883 487 946; x_wconf 89' lang='lat' dir='ltr'>dona</span> <span class='ocrx_word' id='word_1_23' title='bbox 510 881 724 961; x_wconf 77' lang='lat' dir='ltr'>magistratus</span> <span class='ocrx_word' id='word_1_24' title='bbox 747 879 917 960; x_wconf 78' lang='lat' dir='ltr'>atterebat,</span> <span class='ocrx_word' id='word_1_25' title='bbox 933 885 969 944; x_wconf 92' lang='lat' dir='ltr'>ut</span> <span class='ocrx_word' id='word_1_26' title='bbox 983 881 1143 962; x_wconf 82' lang='lat' dir='ltr'>peculiari</span> <span class='ocrx_word' id='word_1_27' title='bbox 1159 901 1261 946; x_wconf 90' lang='lat' dir='ltr'>unum</span> <span class='ocrx_word' id='word_1_28' title='bbox 1278 882 1379 964; x_wconf 89' lang='lat' dir='ltr'>quod-</span> 
     </span>
     <span class='ocr_line' id='line_1_5' title="bbox 311 981 1380 1064; baseline -0.001 -18"><span class='ocrx_word' id='word_1_29' title='bbox 311 1001 375 1064; x_wconf 86' lang='lat' dir='ltr'>que</span> <span class='ocrx_word' id='word_1_30' title='bbox 399 1001 511 1046; x_wconf 89' lang='lat' dir='ltr'>eorum</span> <span class='ocrx_word' id='word_1_31' title='bbox 536 983 727 1062; x_wconf 87' lang='lat' dir='ltr'>precatione</span> <span class='ocrx_word' id='word_1_32' title='bbox 751 1001 810 1062; x_wconf 90' lang='lat' dir='ltr'>pro</span> <span class='ocrx_word' id='word_1_33' title='bbox 834 981 993 1045; x_wconf 85' lang='lat' dir='ltr'>Romanis</span> <span class='ocrx_word' id='word_1_34' title='bbox 1017 982 1270 1064; x_wconf 87' lang='lat' dir='ltr'>civitatibusque</span> <span class='ocrx_word' id='word_1_35' title='bbox 1294 982 1380 1047; x_wconf 88' lang='lat' dir='ltr'>Lati-</span> 
     </span>
     <span class='ocr_line' id='line_1_6' title="bbox 311 1082 1381 1164; baseline 0 -18"><span class='ocrx_word' id='word_1_36' title='bbox 311 1083 363 1146; x_wconf 88' lang='lat' dir='ltr'>nis</span> <span class='ocrx_word' id='word_1_37' title='bbox 387 1089 650 1164; x_wconf 86' lang='lat' dir='ltr'>prosequeretur,</span> <span class='ocrx_word' id='word_1_38' title='bbox 688 1089 781 1145; x_wconf 86' lang='lat' dir='ltr'>tanta</span> <span class='ocrx_word' id='word_1_39' title='bbox 810 1087 882 1145; x_wconf 89' lang='lat' dir='ltr'>erut</span> <span class='ocrx_word' id='word_1_40' title='bbox 911 1082 1067 1161; x_wconf 88' lang='lat' dir='ltr'>religione</span> <span class='ocrx_word' id='word_1_41' title='bbox 1091 1089 1315 1163; x_wconf 84' lang='lat' dir='ltr'>praeceptum,</span> <span class='ocrx_word' id='word_1_42' title='bbox 1347 1090 1381 1146; x_wconf 92' lang='lat' dir='ltr'>ut</span> 
     </span>
     <span class='ocr_line' id='line_1_7' title="bbox 312 1181 1381 1264; baseline 0.001 -17"><span class='ocrx_word' id='word_1_43' title='bbox 312 1202 401 1248; x_wconf 88' lang='lat' dir='ltr'>anno</span> <span class='ocrx_word' id='word_1_44' title='bbox 424 1181 490 1247; x_wconf 76' lang='lat'>578</span> <span class='ocrx_word' id='word_1_45' title='bbox 513 1203 544 1246; x_wconf 91' lang='lat' dir='ltr'>u.</span> <span class='ocrx_word' id='word_1_46' title='bbox 571 1201 611 1262; x_wconf 82' lang='lat' dir='ltr'>a,</span> <span class='ocrx_word' id='word_1_47' title='bbox 647 1183 724 1264; x_wconf 86' lang='lat' dir='ltr'>quia</span> <span class='ocrx_word' id='word_1_48' title='bbox 748 1183 782 1246; x_wconf 90' lang='lat' dir='ltr'>in</span> <span class='ocrx_word' id='word_1_49' title='bbox 805 1201 872 1247; x_wconf 88' lang='lat' dir='ltr'>una</span> <span class='ocrx_word' id='word_1_50' title='bbox 895 1183 1006 1247; x_wconf 90' lang='lat' dir='ltr'>hostia</span> <span class='ocrx_word' id='word_1_51' title='bbox 1037 1184 1249 1263; x_wconf 80' lang='lat' dir='ltr'>magistratus</span> <span class='ocrx_word' id='word_1_52' title='bbox 1271 1183 1381 1248; x_wconf 89' lang='lat' dir='ltr'>Lanu-</span> 
     </span>
     <span class='ocr_line' id='line_1_8' title="bbox 311 1283 1381 1366; baseline 0 -16"><span class='ocrx_word' id='word_1_53' title='bbox 311 1286 407 1350; x_wconf 91' lang='lat' dir='ltr'>vinus</span> <span class='ocrx_word' id='word_1_54' title='bbox 437 1289 591 1366; x_wconf 89' lang='lat' dir='ltr'>precatus</span> <span class='ocrx_word' id='word_1_55' title='bbox 624 1302 692 1347; x_wconf 92' lang='lat' dir='ltr'>non</span> <span class='ocrx_word' id='word_1_56' title='bbox 721 1289 794 1348; x_wconf 87' lang='lat' dir='ltr'>erat</span> <span class='ocrx_word' id='word_1_57' title='bbox 824 1283 945 1366; x_wconf 92' lang='lat' dir='ltr'>populo</span> <span class='ocrx_word' id='word_1_58' title='bbox 975 1283 1137 1366; x_wconf 85' lang='lat' dir='ltr'>Romano,</span> <span class='ocrx_word' id='word_1_59' title='bbox 1175 1284 1267 1350; x_wconf 90' lang='lat' dir='ltr'>Livio</span> <span class='ocrx_word' id='word_1_60' title='bbox 1296 1291 1381 1350; x_wconf 89' lang='lat' dir='ltr'>teste</span> 
     </span>
     <span class='ocr_line' id='line_1_9' title="bbox 313 1384 960 1473; baseline 0 -23"><span class='ocrx_word' id='word_1_61' title='bbox 313 1384 384 1472; x_wconf 90' lang='lat'>(41,</span> <span class='ocrx_word' id='word_1_62' title='bbox 410 1385 472 1473; x_wconf 82' lang='grc'>16)</span> <span class='ocrx_word' id='word_1_63' title='bbox 491 1384 594 1450; x_wconf 87' lang='lat' dir='ltr'>leriae</span> <span class='ocrx_word' id='word_1_64' title='bbox 617 1386 861 1467; x_wconf 82' lang='lat' dir='ltr'>redintegratae</span> <span class='ocrx_word' id='word_1_65' title='bbox 884 1387 960 1451; x_wconf 90' lang='lat' dir='ltr'>sint.</span> 
     </span>
    </p>

    <p class='ocr_par' dir='ltr' id='par_1_3' title="bbox 310 1488 1382 1987">
     <span class='ocr_line' id='line_1_10' title="bbox 343 1488 1382 1572; baseline 0.001 -18"><span class='ocrx_word' id='word_1_66' title='bbox 343 1541 345 1546; x_wconf 94' lang='lat'>.</span> <span class='ocrx_word' id='word_1_67' title='bbox 378 1490 461 1554; x_wconf 85' lang='lat' dir='ltr'>Tum</span> <span class='ocrx_word' id='word_1_68' title='bbox 485 1488 604 1554; x_wconf 90' lang='lat' dir='ltr'>oblatis</span> <span class='ocrx_word' id='word_1_69' title='bbox 629 1488 724 1553; x_wconf 91' lang='lat' dir='ltr'>donis</span> <span class='ocrx_word' id='word_1_70' title='bbox 747 1505 873 1568; x_wconf 90' lang='lat' dir='ltr'>omnes,</span> <span class='ocrx_word' id='word_1_71' title='bbox 898 1489 1012 1571; x_wconf 93' lang='lat' dir='ltr'>quiin</span> <span class='ocrx_word' id='word_1_72' title='bbox 1035 1495 1147 1555; x_wconf 91' lang='lat' dir='ltr'>monte</span> <span class='ocrx_word' id='word_1_73' title='bbox 1164 1490 1314 1572; x_wconf 90' lang='lat' dir='ltr'>aderant,</span> <span class='ocrx_word' id='word_1_74' title='bbox 1338 1491 1382 1556; x_wconf 89' lang='lat' dir='ltr'>ad</span> 
     </span>
     <span class='ocr_line' id='line_1_11' title="bbox 313 1589 1382 1676; baseline 0.001 -19"><span class='ocrx_word' id='word_1_75' title='bbox 313 1593 513 1676; x_wconf 88' lang='lat' dir='ltr'>epulandum</span> <span class='ocrx_word' id='word_1_76' title='bbox 546 1589 764 1656; x_wconf 88' lang='lat' dir='ltr'>considebant</span> <span class='ocrx_word' id='word_1_77' title='bbox 797 1595 830 1655; x_wconf 91' lang='lat' dir='ltr'>et</span> <span class='ocrx_word' id='word_1_78' title='bbox 862 1589 1023 1674; x_wconf 88' lang='lat' dir='ltr'>reliquam</span> <span class='ocrx_word' id='word_1_79' title='bbox 1059 1593 1222 1658; x_wconf 85' lang='lat' dir='ltr'>donorum</span> <span class='ocrx_word' id='word_1_80' title='bbox 1252 1599 1382 1675; x_wconf 90' lang='lat' dir='ltr'>partem</span> 
     </span>
     <span class='ocr_line' id='line_1_12' title="bbox 310 1691 1381 1779; baseline -0.001 -18"><span class='ocrx_word' id='word_1_81' title='bbox 310 1697 373 1779; x_wconf 90' lang='lat' dir='ltr'>ipsi</span> <span class='ocrx_word' id='word_1_82' title='bbox 397 1693 618 1760; x_wconf 89' lang='lat' dir='ltr'>comedebant</span> <span class='ocrx_word' id='word_1_83' title='bbox 629 1691 673 1778; x_wconf 74' lang='grc'>1’);</span> <span class='ocrx_word' id='word_1_84' title='bbox 698 1699 874 1776; x_wconf 89' lang='lat' dir='ltr'>postremo,</span> <span class='ocrx_word' id='word_1_85' title='bbox 906 1711 982 1758; x_wconf 88' lang='lat' dir='ltr'>eum</span> <span class='ocrx_word' id='word_1_86' title='bbox 1013 1694 1081 1758; x_wconf 91' lang='lat' dir='ltr'>iam</span> <span class='ocrx_word' id='word_1_87' title='bbox 1104 1713 1172 1760; x_wconf 82' lang='lat' dir='ltr'>nox</span> <span class='ocrx_word' id='word_1_88' title='bbox 1195 1697 1381 1776; x_wconf 89' lang='lat' dir='ltr'>ingruisset,</span> 
     </span>
     <span class='ocr_line' id='line_1_13' title="bbox 312 1780 1382 1882; baseline -0.002 -16"><span class='ocrx_word' id='word_1_89' title='bbox 312 1819 433 1882; x_wconf 89' lang='lat' dir='ltr'>magna</span> <span class='ocrx_word' id='word_1_90' title='bbox 467 1780 613 1880; x_wconf 77' lang='lat' dir='ltr'>flamina,</span> <span class='ocrx_word' id='word_1_91' title='bbox 649 1815 735 1881; x_wconf 88' lang='lat' dir='ltr'>quae</span> <span class='ocrx_word' id='word_1_92' title='bbox 769 1817 870 1880; x_wconf 85' lang='lat' dir='ltr'>quem</span> <span class='ocrx_word' id='word_1_93' title='bbox 900 1797 1091 1879; x_wconf 90' lang='lat' dir='ltr'>longissime</span> <span class='ocrx_word' id='word_1_94' title='bbox 1122 1799 1382 1882; x_wconf 88' lang='lat' dir='ltr'>conspiceretur,</span> 
     </span>
     <span class='ocr_line' id='line_1_14' title="bbox 312 1897 1204 1987; baseline -0.002 -18"><span class='ocrx_word' id='word_1_95' title='bbox 312 1906 451 1970; x_wconf 87' lang='lat' dir='ltr'>incense</span> <span class='ocrx_word' id='word_1_96' title='bbox 474 1901 609 1967; x_wconf 88' lang='lat' dir='ltr'>Latinas</span> <span class='ocrx_word' id='word_1_97' title='bbox 634 1899 804 1966; x_wconf 83' lang='lat' dir='ltr'>contectas</span> <span class='ocrx_word' id='word_1_98' title='bbox 828 1919 903 1966; x_wconf 91' lang='lat' dir='ltr'>esse</span> <span class='ocrx_word' id='word_1_99' title='bbox 926 1897 1204 1987; x_wconf 74' lang='lat' dir='ltr'>ostendebatur-⁸).</span> 
     </span>
    </p>

    <p class='ocr_par' dir='ltr' id='par_1_4' title="bbox 240 2004 1384 3215">
     <span class='ocr_line' id='line_1_15' title="bbox 377 2004 1383 2088; baseline -0.001 -17"><span class='ocrx_word' id='word_1_100' title='bbox 377 2007 428 2071; x_wconf 85' lang='lat' dir='ltr'>Ad</span> <span class='ocrx_word' id='word_1_101' title='bbox 468 2006 659 2071; x_wconf 87' lang='lat' dir='ltr'>Latinarum</span> <span class='ocrx_word' id='word_1_102' title='bbox 699 2004 954 2069; x_wconf 88' lang='lat' dir='ltr'>celebrationem</span> <span class='ocrx_word' id='word_1_103' title='bbox 993 2005 1074 2069; x_wconf 93' lang='lat' dir='ltr'>nihil</span> <span class='ocrx_word' id='word_1_104' title='bbox 1120 2007 1247 2087; x_wconf 86' lang='lat' dir='ltr'>attinet,</span> <span class='ocrx_word' id='word_1_105' title='bbox 1294 2007 1383 2088; x_wconf 92' lang='lat' dir='ltr'>quod</span> 
     </span>
     <span class='ocr_line' id='line_1_16' title="bbox 312 2106 1384 2194; baseline -0.003 -19"><span class='ocrx_word' id='word_1_106' title='bbox 312 2110 469 2194; x_wconf 91' lang='lat' dir='ltr'>triumphi</span> <span class='ocrx_word' id='word_1_107' title='bbox 492 2109 656 2174; x_wconf 91' lang='lat' dir='ltr'>interdum</span> <span class='ocrx_word' id='word_1_108' title='bbox 681 2108 714 2172; x_wconf 97' lang='lat' dir='ltr'>in</span> <span class='ocrx_word' id='word_1_109' title='bbox 738 2113 884 2173; x_wconf 90' lang='lat' dir='ltr'>montem</span> <span class='ocrx_word' id='word_1_110' title='bbox 901 2108 1066 2173; x_wconf 87' lang='lat' dir='ltr'>Albanum</span> <span class='ocrx_word' id='word_1_111' title='bbox 1082 2109 1148 2174; x_wconf 92' lang='lat' dir='ltr'>acti</span> <span class='ocrx_word' id='word_1_112' title='bbox 1164 2106 1282 2194; x_wconf 78' lang='lat' dir='ltr'>sunt‘).</span> <span class='ocrx_word' id='word_1_113' title='bbox 1308 2108 1384 2172; x_wconf 86' lang='lat' dir='ltr'>Ete-</span> 
     </span>
     <span class='ocr_line' id='line_1_17' title="bbox 313 2211 1383 2294; baseline -0.003 -15"><span class='ocrx_word' id='word_1_114' title='bbox 313 2215 381 2279; x_wconf 92' lang='lat' dir='ltr'>nim</span> <span class='ocrx_word' id='word_1_115' title='bbox 406 2232 482 2277; x_wconf 88' lang='lat' dir='ltr'>cum</span> <span class='ocrx_word' id='word_1_116' title='bbox 505 2212 658 2294; x_wconf 88' lang='lat' dir='ltr'>Papirius</span> <span class='ocrx_word' id='word_1_117' title='bbox 681 2211 774 2275; x_wconf 86' lang='lat' dir='ltr'>Maso</span> <span class='ocrx_word' id='word_1_118' title='bbox 799 2211 915 2276; x_wconf 90' lang='lat' dir='ltr'>consul</span> <span class='ocrx_word' id='word_1_119' title='bbox 939 2217 1017 2276; x_wconf 90' lang='lat' dir='ltr'>ante</span> <span class='ocrx_word' id='word_1_120' title='bbox 1041 2213 1128 2276; x_wconf 92' lang='lat' dir='ltr'>diem</span> <span class='ocrx_word' id='word_1_121' title='bbox 1158 2213 1291 2277; x_wconf 89' lang='lat' dir='ltr'>tertium</span> <span class='ocrx_word' id='word_1_122' title='bbox 1315 2211 1383 2276; x_wconf 91' lang='lat' dir='ltr'>No-</span> 
     </span>
     <span class='ocr_line' id='line_1_18' title="bbox 311 2310 1381 2398; baseline -0.003 -17"><span class='ocrx_word' id='word_1_123' title='bbox 311 2335 373 2381; x_wconf 89' lang='lat' dir='ltr'>nas</span> <span class='ocrx_word' id='word_1_124' title='bbox 409 2314 545 2379; x_wconf 86' lang='lat' dir='ltr'>Martias</span> <span class='ocrx_word' id='word_1_125' title='bbox 581 2314 660 2378; x_wconf 88' lang='lat' dir='ltr'>anni</span> <span class='ocrx_word' id='word_1_126' title='bbox 695 2311 760 2376; x_wconf 82' lang='lat'>523</span> <span class='ocrx_word' id='word_1_127' title='bbox 784 2332 815 2377; x_wconf 93' lang='lat' dir='ltr'>u.</span> <span class='ocrx_word' id='word_1_128' title='bbox 841 2332 869 2376; x_wconf 92' lang='lat' dir='ltr'>c.</span> <span class='ocrx_word' id='word_1_129' title='bbox 908 2313 942 2377; x_wconf 93' lang='lat' dir='ltr'>in</span> <span class='ocrx_word' id='word_1_130' title='bbox 979 2321 1092 2378; x_wconf 93' lang='lat' dir='ltr'>monte</span> <span class='ocrx_word' id='word_1_131' title='bbox 1125 2314 1343 2396; x_wconf 87' lang='lat' dir='ltr'>triumpharet</span> <span class='ocrx_word' id='word_1_132' title='bbox 1354 2310 1381 2398; x_wconf 76' lang='lat'>⁵)</span> 
     </span>
     <span class='ocr_line' id='line_1_19' title="bbox 310 2412 1381 2498; baseline -0.001 -17"><span class='ocrx_word' id='word_1_133' title='bbox 310 2435 451 2498; x_wconf 90' lang='lat' dir='ltr'>cumque</span> <span class='ocrx_word' id='word_1_134' title='bbox 474 2422 544 2480; x_wconf 91' lang='lat' dir='ltr'>tum</span> <span class='ocrx_word' id='word_1_135' title='bbox 574 2415 706 2497; x_wconf 90' lang='lat' dir='ltr'>quidem</span> <span class='ocrx_word' id='word_1_136' title='bbox 738 2413 811 2478; x_wconf 87' lang='lat' dir='ltr'>Kal.</span> <span class='ocrx_word' id='word_1_137' title='bbox 843 2414 938 2478; x_wconf 87' lang='lat' dir='ltr'>Maiis</span> <span class='ocrx_word' id='word_1_138' title='bbox 969 2412 1122 2478; x_wconf 92' lang='lat' dir='ltr'>consules</span> <span class='ocrx_word' id='word_1_139' title='bbox 1151 2417 1381 2496; x_wconf 89' lang='lat' dir='ltr'>magistratum</span> 
     </span>
     <span class='ocr_line' id='line_1_20' title="bbox 310 2514 1382 2603; baseline -0.003 -21"><span class='ocrx_word' id='word_1_140' title='bbox 310 2519 431 2582; x_wconf 89' lang='lat' dir='ltr'>inirent</span> <span class='ocrx_word' id='word_1_141' title='bbox 440 2514 475 2603; x_wconf 74' lang='lat'>⁶),</span> <span class='ocrx_word' id='word_1_142' title='bbox 509 2535 528 2581; x_wconf 91' lang='lat' dir='ltr'>e</span> <span class='ocrx_word' id='word_1_143' title='bbox 557 2517 715 2597; x_wconf 90' lang='lat' dir='ltr'>temporis</span> <span class='ocrx_word' id='word_1_144' title='bbox 748 2516 821 2597; x_wconf 88' lang='lat' dir='ltr'>ipsa</span> <span class='ocrx_word' id='word_1_145' title='bbox 853 2516 982 2579; x_wconf 91' lang='lat' dir='ltr'>ratione</span> <span class='ocrx_word' id='word_1_146' title='bbox 1009 2516 1135 2579; x_wconf 89' lang='lat' dir='ltr'>nullam</span> <span class='ocrx_word' id='word_1_147' title='bbox 1158 2517 1242 2580; x_wconf 91' lang='lat' dir='ltr'>inter</span> <span class='ocrx_word' id='word_1_148' title='bbox 1264 2517 1382 2580; x_wconf 93' lang='lat' dir='ltr'>trium-</span> 
     </span>
     <span class='ocr_line' id='line_1_21' title="bbox 309 2616 1381 2701; baseline -0.001 -18"><span class='ocrx_word' id='word_1_149' title='bbox 309 2620 411 2701; x_wconf 92' lang='lat' dir='ltr'>phum</span> <span class='ocrx_word' id='word_1_150' title='bbox 435 2625 468 2683; x_wconf 92' lang='lat' dir='ltr'>et</span> <span class='ocrx_word' id='word_1_151' title='bbox 492 2616 592 2683; x_wconf 88' lang='lat' dir='ltr'>terias</span> <span class='ocrx_word' id='word_1_152' title='bbox 615 2617 850 2680; x_wconf 88' lang='lat' dir='ltr'>necessitatem</span> <span class='ocrx_word' id='word_1_153' title='bbox 874 2616 1104 2680; x_wconf 89' lang='lat' dir='ltr'>intercessisse</span> <span class='ocrx_word' id='word_1_154' title='bbox 1127 2623 1281 2699; x_wconf 81' lang='lat' dir='ltr'>apparet3</span> <span class='ocrx_word' id='word_1_155' title='bbox 1316 2636 1381 2682; x_wconf 89' lang='lat' dir='ltr'>neo</span> 
     </span>
     <span class='ocr_line' id='line_1_22' title="bbox 311 2717 1381 2801; baseline 0 -17"><span class='ocrx_word' id='word_1_156' title='bbox 311 2721 414 2801; x_wconf 90' lang='lat' dir='ltr'>magis</span> <span class='ocrx_word' id='word_1_157' title='bbox 439 2718 475 2785; x_wconf 90' lang='lat' dir='ltr'>C.</span> <span class='ocrx_word' id='word_1_158' title='bbox 501 2717 642 2784; x_wconf 90' lang='lat' dir='ltr'>Cicereii</span> <span class='ocrx_word' id='word_1_159' title='bbox 664 2717 876 2798; x_wconf 90' lang='lat' dir='ltr'>triumphum,</span> <span class='ocrx_word' id='word_1_160' title='bbox 905 2735 1003 2799; x_wconf 90' lang='lat' dir='ltr'>quem</span> <span class='ocrx_word' id='word_1_161' title='bbox 1034 2718 1063 2781; x_wconf 92' lang='lat' dir='ltr'>is</span> <span class='ocrx_word' id='word_1_162' title='bbox 1086 2717 1158 2782; x_wconf 84' lang='lat' dir='ltr'>llal.</span> <span class='ocrx_word' id='word_1_163' title='bbox 1184 2717 1381 2784; x_wconf 90' lang='lat' dir='ltr'>Octobribus</span> 
     </span>
     <span class='ocr_line' id='line_1_23' title="bbox 240 2815 1380 2904; baseline 0 -17"><span class='ocrx_word' id='word_1_164' title='bbox 240 2838 243 2844; x_wconf 85' lang='lat'>·</span> <span class='ocrx_word' id='word_1_165' title='bbox 310 2824 387 2888; x_wconf 90' lang='lat' dir='ltr'>anni</span> <span class='ocrx_word' id='word_1_166' title='bbox 412 2821 477 2886; x_wconf 74' lang='lat'>582</span> <span class='ocrx_word' id='word_1_167' title='bbox 501 2842 533 2886; x_wconf 93' lang='lat' dir='ltr'>u.</span> <span class='ocrx_word' id='word_1_168' title='bbox 558 2840 587 2886; x_wconf 91' lang='lat' dir='ltr'>c.</span> <span class='ocrx_word' id='word_1_169' title='bbox 612 2821 646 2884; x_wconf 93' lang='lat' dir='ltr'>in</span> <span class='ocrx_word' id='word_1_170' title='bbox 670 2825 817 2884; x_wconf 92' lang='lat' dir='ltr'>montem</span> <span class='ocrx_word' id='word_1_171' title='bbox 834 2815 940 2904; x_wconf 72' lang='lat' dir='ltr'>egit&#39;),</span> <span class='ocrx_word' id='word_1_172' title='bbox 965 2838 1041 2884; x_wconf 90' lang='lat' dir='ltr'>cum</span> <span class='ocrx_word' id='word_1_173' title='bbox 1060 2818 1149 2886; x_wconf 86' lang='lat' dir='ltr'>feriis</span> <span class='ocrx_word' id='word_1_174' title='bbox 1166 2823 1380 2887; x_wconf 93' lang='lat' dir='ltr'>coniunctum</span> 
     </span>
     <span class='ocr_line' id='line_1_24' title="bbox 310 2923 1379 3008; baseline 0.001 -17"><span class='ocrx_word' id='word_1_175' title='bbox 310 2925 411 2991; x_wconf 86' lang='lat' dir='ltr'>luisse</span> <span class='ocrx_word' id='word_1_176' title='bbox 446 2923 703 2990; x_wconf 86' lang='lat' dir='ltr'>existimandum</span> <span class='ocrx_word' id='word_1_177' title='bbox 739 2928 798 3003; x_wconf 92' lang='lat' dir='ltr'>est,</span> <span class='ocrx_word' id='word_1_178' title='bbox 835 2941 911 2986; x_wconf 91' lang='lat' dir='ltr'>cum</span> <span class='ocrx_word' id='word_1_179' title='bbox 941 2925 1091 3005; x_wconf 84' lang='lat' dir='ltr'>proximo</span> <span class='ocrx_word' id='word_1_180' title='bbox 1122 2925 1253 3008; x_wconf 91' lang='lat' dir='ltr'>quidem</span> <span class='ocrx_word' id='word_1_181' title='bbox 1289 2945 1379 2992; x_wconf 91' lang='lat' dir='ltr'>anno</span> 
     </span>
     <span class='ocr_line' id='line_1_25' title="bbox 308 3025 1378 3112; baseline -0.001 -18"><span class='ocrx_word' id='word_1_182' title='bbox 308 3029 383 3094; x_wconf 90' lang='lat' dir='ltr'>Kal.</span> <span class='ocrx_word' id='word_1_183' title='bbox 415 3029 520 3094; x_wconf 89' lang='lat' dir='ltr'>Juniis</span> <span class='ocrx_word' id='word_1_184' title='bbox 553 3028 615 3091; x_wconf 90' lang='lat' dir='ltr'>has</span> <span class='ocrx_word' id='word_1_185' title='bbox 647 3025 748 3090; x_wconf 87' lang='lat' dir='ltr'>fuisse</span> <span class='ocrx_word' id='word_1_186' title='bbox 781 3025 891 3089; x_wconf 88' lang='lat' dir='ltr'>Livius</span> <span class='ocrx_word' id='word_1_187' title='bbox 914 3025 968 3106; x_wconf 81' lang='lat'>42,</span> <span class='ocrx_word' id='word_1_188' title='bbox 993 3025 1036 3090; x_wconf 81' lang='lat'>35</span> <span class='ocrx_word' id='word_1_189' title='bbox 1060 3035 1182 3092; x_wconf 88' lang='lat' dir='ltr'>narret.</span> <span class='ocrx_word' id='word_1_190' title='bbox 1229 3028 1378 3112; x_wconf 90' lang='lat' dir='ltr'>Denique</span> 
     </span>
     <span class='ocr_line' id='line_1_26' title="bbox 309 3129 1377 3215; baseline -0.002 -19"><span class='ocrx_word' id='word_1_191' title='bbox 309 3133 460 3215; x_wconf 91' lang='lat' dir='ltr'>quotiens</span> <span class='ocrx_word' id='word_1_192' title='bbox 490 3129 693 3211; x_wconf 87' lang='lat' dir='ltr'>triumphum</span> <span class='ocrx_word' id='word_1_193' title='bbox 722 3129 755 3192; x_wconf 91' lang='lat' dir='ltr'>in</span> <span class='ocrx_word' id='word_1_194' title='bbox 779 3133 925 3192; x_wconf 91' lang='lat' dir='ltr'>montem</span> <span class='ocrx_word' id='word_1_195' title='bbox 949 3135 1060 3193; x_wconf 88' lang='lat' dir='ltr'>aetum</span> <span class='ocrx_word' id='word_1_196' title='bbox 1084 3147 1159 3194; x_wconf 91' lang='lat' dir='ltr'>esse</span> <span class='ocrx_word' id='word_1_197' title='bbox 1182 3131 1377 3212; x_wconf 87' lang='lat' dir='ltr'>accipimus,</span> 
     </span>
    </p>
   </div>
   <div class='ocr_carea' id='block_1_3' title="bbox 308 3313 1376 3726">
    <p class='ocr_par' dir='ltr' id='par_1_5' title="bbox 308 3313 1376 3726">
     <span class='ocr_line' id='line_1_27' title="bbox 366 3313 982 3389; baseline -0.005 -17"><span class='ocrx_word' id='word_1_198' title='bbox 366 3317 386 3389; x_wconf 90' lang='lat'>¹)</span> <span class='ocrx_word' id='word_1_199' title='bbox 409 3319 443 3372; x_wconf 84' lang='lat' dir='ltr'>cf.</span> <span class='ocrx_word' id='word_1_200' title='bbox 462 3317 492 3372; x_wconf 93' lang='lat' dir='ltr'>in</span> <span class='ocrx_word' id='word_1_201' title='bbox 510 3316 672 3371; x_wconf 86' lang='lat' dir='ltr'>universum</span> <span class='ocrx_word' id='word_1_202' title='bbox 690 3313 797 3384; x_wconf 84' lang='lat' dir='ltr'>Marqu.</span> <span class='ocrx_word' id='word_1_203' title='bbox 817 3313 857 3366; x_wconf 90' lang='lat' dir='ltr'>Ill</span> <span class='ocrx_word' id='word_1_204' title='bbox 875 3331 901 3385; x_wconf 90' lang='lat' dir='ltr'>p.</span> <span class='ocrx_word' id='word_1_205' title='bbox 922 3315 982 3369; x_wconf 79' lang='lat'>174.</span> 
     </span>
     <span class='ocr_line' id='line_1_28' title="bbox 364 3401 924 3474; baseline -0.002 -16"><span class='ocrx_word' id='word_1_206' title='bbox 364 3403 386 3472; x_wconf 79' lang='lat'>²)</span> <span class='ocrx_word' id='word_1_207' title='bbox 405 3404 440 3458; x_wconf 82' lang='lat' dir='ltr'>ei.</span> <span class='ocrx_word' id='word_1_208' title='bbox 458 3402 574 3474; x_wconf 85' lang='lat' dir='ltr'>Dionys.</span> <span class='ocrx_word' id='word_1_209' title='bbox 593 3401 641 3466; x_wconf 91' lang='lat' dir='ltr'>lV,</span> <span class='ocrx_word' id='word_1_210' title='bbox 659 3401 708 3455; x_wconf 82' lang='lat'>49:</span> <span class='ocrx_word' id='word_1_211' title='bbox 731 3402 924 3462; x_wconf 72' lang='grc' dir='ltr'>συνεστιάσεις.</span> 
     </span>
     <span class='ocr_line' id='line_1_29' title="bbox 364 3472 1376 3562; baseline -0.003 -17"><span class='ocrx_word' id='word_1_212' title='bbox 364 3491 385 3562; x_wconf 79' lang='lat'>⁸)</span> <span class='ocrx_word' id='word_1_213' title='bbox 403 3492 438 3546; x_wconf 90' lang='lat' dir='ltr'>cf.</span> <span class='ocrx_word' id='word_1_214' title='bbox 458 3490 523 3544; x_wconf 84' lang='lat' dir='ltr'>Luc.</span> <span class='ocrx_word' id='word_1_215' title='bbox 543 3489 639 3543; x_wconf 81' lang='lat' dir='ltr'>Plrars.</span> <span class='ocrx_word' id='word_1_216' title='bbox 660 3489 680 3554; x_wconf 86' lang='lat'>1,</span> <span class='ocrx_word' id='word_1_217' title='bbox 700 3491 765 3544; x_wconf 81' lang='lat'>550:</span> <span class='ocrx_word' id='word_1_218' title='bbox 780 3472 951 3554; x_wconf 55' lang='lat' dir='ltr'>,Ostendens</span> <span class='ocrx_word' id='word_1_219' title='bbox 969 3489 1110 3543; x_wconf 86' lang='lat' dir='ltr'>confectas</span> <span class='ocrx_word' id='word_1_220' title='bbox 1128 3489 1241 3543; x_wconf 83' lang='lat' dir='ltr'>flemma</span> <span class='ocrx_word' id='word_1_221' title='bbox 1259 3485 1376 3542; x_wconf 80' lang='lat' dir='ltr'>Latinas</span> 
     </span>
     <span class='ocr_line' id='line_1_30' title="bbox 308 3571 1065 3644; baseline -0.003 -16"><span class='ocrx_word' id='word_1_222' title='bbox 308 3573 449 3629; x_wconf 80' lang='lat' dir='ltr'>Scinditur</span> <span class='ocrx_word' id='word_1_223' title='bbox 467 3573 495 3627; x_wconf 92' lang='lat' dir='ltr'>in</span> <span class='ocrx_word' id='word_1_224' title='bbox 514 3577 607 3644; x_wconf 87' lang='lat' dir='ltr'>partes</span> <span class='ocrx_word' id='word_1_225' title='bbox 625 3571 788 3642; x_wconf 88' lang='lat' dir='ltr'>geminoque</span> <span class='ocrx_word' id='word_1_226' title='bbox 807 3571 948 3626; x_wconf 89' lang='lat' dir='ltr'>cacumine</span> <span class='ocrx_word' id='word_1_227' title='bbox 967 3573 1065 3642; x_wconf 85' lang='lat' dir='ltr'>surgit,</span> 
     </span>
     <span class='ocr_line' id='line_1_31' title="bbox 469 3655 1047 3726; baseline 0.002 -15"><span class='ocrx_word' id='word_1_228' title='bbox 469 3658 615 3712; x_wconf 85' lang='lat' dir='ltr'>‘l&#39;hsbanos</span> <span class='ocrx_word' id='word_1_229' title='bbox 637 3655 746 3710; x_wconf 85' lang='lat' dir='ltr'>imitata</span> <span class='ocrx_word' id='word_1_230' title='bbox 763 3659 862 3726; x_wconf 86' lang='lat' dir='ltr'>rogos,’</span> <span class='ocrx_word' id='word_1_231' title='bbox 882 3661 911 3712; x_wconf 88' lang='lat' dir='ltr'>et</span> <span class='ocrx_word' id='word_1_232' title='bbox 928 3658 962 3723; x_wconf 85' lang='lat' dir='ltr'>V,</span> <span class='ocrx_word' id='word_1_233' title='bbox 980 3660 1047 3714; x_wconf 84' lang='lat'>400:</span> 
     </span>
    </p>
   </div>
   <div class='ocr_carea' id='block_1_4' title="bbox 363 3771 1215 4194">
    <p class='ocr_par' dir='ltr' id='par_1_6' title="bbox 469 3771 1215 3998">
     <span class='ocr_line' id='line_1_32' title="bbox 474 3771 1215 3844; baseline 0.003 -18"><span class='ocrx_word' id='word_1_234' title='bbox 474 3772 541 3838; x_wconf 88' lang='lat' dir='ltr'>,Neo</span> <span class='ocrx_word' id='word_1_235' title='bbox 559 3789 614 3826; x_wconf 91' lang='lat' dir='ltr'>non</span> <span class='ocrx_word' id='word_1_236' title='bbox 633 3771 734 3826; x_wconf 87' lang='lat' dir='ltr'>Iliacae</span> <span class='ocrx_word' id='word_1_237' title='bbox 753 3789 855 3825; x_wconf 90' lang='lat' dir='ltr'>numen</span> <span class='ocrx_word' id='word_1_238' title='bbox 872 3773 945 3842; x_wconf 91' lang='lat' dir='ltr'>quod</span> <span class='ocrx_word' id='word_1_239' title='bbox 963 3771 1104 3844; x_wconf 82' lang='lat' dir='ltr'>praesidet</span> <span class='ocrx_word' id='word_1_240' title='bbox 1121 3773 1215 3838; x_wconf 87' lang='lat' dir='ltr'>Albae,</span> 
     </span>
     <span class='ocr_line' id='line_1_33' title="bbox 469 3855 1198 3923; baseline 0.001 -12"><span class='ocrx_word' id='word_1_241' title='bbox 469 3857 551 3911; x_wconf 89' lang='lat' dir='ltr'>Haud</span> <span class='ocrx_word' id='word_1_242' title='bbox 569 3856 698 3910; x_wconf 86' lang='lat' dir='ltr'>meritum</span> <span class='ocrx_word' id='word_1_243' title='bbox 717 3855 795 3910; x_wconf 88' lang='lat' dir='ltr'>Latio</span> <span class='ocrx_word' id='word_1_244' title='bbox 814 3855 960 3911; x_wconf 85' lang='lat' dir='ltr'>sollemnia</span> <span class='ocrx_word' id='word_1_245' title='bbox 978 3875 1058 3912; x_wconf 88' lang='lat' dir='ltr'>sacra</span> <span class='ocrx_word' id='word_1_246' title='bbox 1076 3858 1198 3923; x_wconf 88' lang='lat' dir='ltr'>subacto,</span> 
     </span>
     <span class='ocr_line' id='line_1_34' title="bbox 470 3941 1140 3998; baseline 0.003 -2"><span class='ocrx_word' id='word_1_247' title='bbox 470 3941 548 3996; x_wconf 90' lang='lat' dir='ltr'>Vidit</span> <span class='ocrx_word' id='word_1_248' title='bbox 566 3941 731 3996; x_wconf 86' lang='lat' dir='ltr'>flammifera</span> <span class='ocrx_word' id='word_1_249' title='bbox 750 3942 891 3996; x_wconf 85' lang='lat' dir='ltr'>coniectas</span> <span class='ocrx_word' id='word_1_250' title='bbox 909 3946 990 3997; x_wconf 89' lang='lat' dir='ltr'>nocte</span> <span class='ocrx_word' id='word_1_251' title='bbox 1008 3943 1140 3998; x_wconf 66' lang='lat' dir='ltr'>Latinas!</span> 
     </span>
    </p>

    <p class='ocr_par' dir='ltr' id='par_1_7' title="bbox 363 4039 1082 4111">
     <span class='ocr_line' id='line_1_35' title="bbox 363 4039 1082 4111; baseline 0.003 -18"><span class='ocrx_word' id='word_1_252' title='bbox 363 4039 386 4109; x_wconf 84' lang='lat'>⁴)</span> <span class='ocrx_word' id='word_1_253' title='bbox 405 4040 441 4094; x_wconf 85' lang='lat' dir='ltr'>of.</span> <span class='ocrx_word' id='word_1_254' title='bbox 460 4057 522 4111; x_wconf 85' lang='lat' dir='ltr'>pag.</span> <span class='ocrx_word' id='word_1_255' title='bbox 541 4041 585 4094; x_wconf 82' lang='lat'>25.</span> <span class='ocrx_word' id='word_1_256' title='bbox 1079 4043 1082 4049; x_wconf 81' lang='grc'><strong>’</strong></span> 
     </span>
    </p>

    <p class='ocr_par' dir='ltr' id='par_1_8' title="bbox 363 4123 683 4194">
     <span class='ocr_line' id='line_1_36' title="bbox 363 4123 683 4194; baseline 0.006 -18"><span class='ocrx_word' id='word_1_257' title='bbox 363 4123 386 4190; x_wconf 78' lang='lat'>⁸)</span> <span class='ocrx_word' id='word_1_258' title='bbox 406 4123 435 4178; x_wconf 83' lang='lat' dir='ltr'>O.</span> <span class='ocrx_word' id='word_1_259' title='bbox 455 4123 475 4177; x_wconf 94' lang='lat' dir='ltr'>l.</span> <span class='ocrx_word' id='word_1_260' title='bbox 495 4123 525 4178; x_wconf 91' lang='lat' dir='ltr'>L.</span> <span class='ocrx_word' id='word_1_261' title='bbox 546 4124 558 4176; x_wconf 92' lang='grc' dir='ltr'>Ι</span> <span class='ocrx_word' id='word_1_262' title='bbox 576 4142 602 4194; x_wconf 91' lang='lat' dir='ltr'>p.</span> <span class='ocrx_word' id='word_1_263' title='bbox 621 4125 683 4180; x_wconf 88' lang='grc'><strong>458.</strong></span> 
     </span>
    </p>
   </div>
   <div class='ocr_carea' id='block_1_5' title="bbox 363 4206 948 4359">
    <p class='ocr_par' dir='ltr' id='par_1_9' title="bbox 363 4206 948 4359">
     <span class='ocr_line' id='line_1_37' title="bbox 363 4206 948 4279; baseline 0.007 -19"><span class='ocrx_word' id='word_1_264' title='bbox 363 4207 385 4276; x_wconf 81' lang='lat'>⁸)</span> <span class='ocrx_word' id='word_1_265' title='bbox 403 4207 438 4261; x_wconf 88' lang='lat' dir='ltr'>ef.</span> <span class='ocrx_word' id='word_1_266' title='bbox 458 4207 585 4261; x_wconf 85' lang='lat' dir='ltr'>Momms.</span> <span class='ocrx_word' id='word_1_267' title='bbox 605 4206 727 4261; x_wconf 86' lang='lat' dir='ltr'>chronol.</span> <span class='ocrx_word' id='word_1_268' title='bbox 746 4206 823 4262; x_wconf 87' lang='lat' dir='ltr'>Rom.</span> <span class='ocrx_word' id='word_1_269' title='bbox 842 4227 867 4279; x_wconf 93' lang='lat' dir='ltr'>p.</span> <span class='ocrx_word' id='word_1_270' title='bbox 889 4210 948 4264; x_wconf 88' lang='grc'><strong>101.</strong></span> 
     </span>
     <span class='ocr_line' id='line_1_38' title="bbox 365 4288 682 4359; baseline 0.006 -17"><span class='ocrx_word' id='word_1_271' title='bbox 365 4288 385 4358; x_wconf 85' lang='lat'>⁷)</span> <span class='ocrx_word' id='word_1_272' title='bbox 405 4288 435 4342; x_wconf 81' lang='lat' dir='ltr'>(l.</span> <span class='ocrx_word' id='word_1_273' title='bbox 455 4289 475 4342; x_wconf 89' lang='lat'>1.</span> <span class='ocrx_word' id='word_1_274' title='bbox 495 4289 524 4343; x_wconf 89' lang='lat' dir='ltr'>L.</span> <span class='ocrx_word' id='word_1_275' title='bbox 544 4289 558 4342; x_wconf 95' lang='lat' dir='ltr'>I</span> <span class='ocrx_word' id='word_1_276' title='bbox 576 4307 602 4359; x_wconf 92' lang='lat' dir='ltr'>p.</span> <span class='ocrx_word' id='word_1_277' title='bbox 620 4291 682 4344; x_wconf 80' lang='lat'>459.</span> 
     </span>
    </p>
   </div>
   <div class='ocr_carea' id='block_1_6' title="bbox 0 0 1584 5116">
    <p class='ocr_par' dir='ltr' id='par_1_10' title="bbox 0 0 1584 5116">
     <span class='ocr_line' id='line_1_39' title="bbox 0 0 1584 5116; baseline 0 0"><span class='ocrx_word' id='word_1_278' title='bbox 0 0 1584 5116; x_wconf 95' lang='lat' dir='ltr'> </span> 
     </span>
    </p>
   </div>
  </div>
 </body>
</html>
