3158 5116
791 461 807 514 7

330 603 605 685 Antiquissinmm
641 607 754 666 autem
791 601 951 667 fastorum
986 601 1207 682 fragmentum
1235 600 1285 684 (C.
1315 603 1338 666 l.

264 704 297 766 1..
321 703 374 782 vl,
400 703 430 782 1,
455 703 541 766 2011
568 723 601 748 =
625 702 707 780 xlv,
732 701 844 785 2236),
869 722 943 766 oum
965 707 1034 766 tres
1058 703 1129 766 eius
1144 703 1242 783 primi
1266 717 1340 766 ver-

263 823 320 868 sus
344 804 515 893 hominum
546 803 720 868 doctorum
744 821 910 867 consensu
943 801 1039 867 lastis
1063 805 1245 884 praepositi
1270 803 1340 867 lue-

263 905 327 969 rint
343 899 377 989 ¹),
400 905 537 970 Latinas
561 904 826 968 decemvirorum
844 909 955 968 aetate
971 903 1105 968 habitas
1121 905 1247 986 primas
1264 922 1340 968 esse

264 1007 444 1089 insculptas
469 1007 576 1072 docet.
607 1007 699 1072 Unde
723 1006 949 1071 Mommsenus
973 1006 1023 1070 vir
1047 1006 1259 1072 doctissimus
1283 1007 1340 1072 de-

264 1112 436 1192 cemviros
461 1111 580 1194 quippe
603 1109 659 1193 qui
682 1110 795 1175 onmia
818 1108 944 1191 legibus
968 1110 1169 1191 sanxissent,
1196 1111 1340 1176 edixisse

265 1213 404 1296 collegit,
428 1219 463 1279 ut
487 1215 679 1278 Latinarum
696 1212 937 1278 celebrationes
954 1213 1072 1278 litteris
1087 1215 1339 1279 mandarentur:

265 1319 458 1399 antedicto,
483 1317 656 1399 longinqua
691 1316 836 1399 quadam
868 1315 1034 1382 oblivione
1070 1315 1200 1398 obruto,
1236 1317 1341 1380 multa

265 1421 398 1486 demum
421 1427 497 1503 post
519 1419 655 1485 saecula
679 1418 870 1484 sacerdotes
895 1419 1017 1484 montis
1041 1417 1162 1483 Albani
1189 1420 1341 1502 paruisse

265 1541 371 1607 neque
395 1523 573 1610 quidquam
597 1521 806 1587 auctoritatis
828 1520 924 1586 lastis
940 1521 1179 1605 antiquissimis
1195 1520 1341 1586 tribuen-

265 1628 342 1692 dum
367 1646 441 1694 esse
465 1626 634 1692 contendit
648 1622 682 1710 1).
708 1625 788 1690 lllud
812 1631 845 1689 ct
869 1642 965 1706 egon
982 1624 1179 1691 decemviris
1196 1627 1340 1691 edictum

265 1751 340 1797 esse
364 1731 571 1810 crediderim,
612 1730 671 1795 sed
696 1730 795 1795 certis
830 1720 1043 1795 commoveor
1067 1730 1188 1810 causis,
1227 1729 1340 1795 statim

265 1843 299 1900 ut
322 1835 431 1900 edicto
455 1853 569 1900 eorum
595 1852 670 1899 esse
694 1832 960 1915 obtemperatum
984 1838 1017 1898 et
1032 1831 1164 1898 tabulas
1180 1832 1233 1898 vel
1250 1852 1341 1898 com-

266 1939 445 2005 mentarios
474 1938 636 2020 quosdam
667 1955 707 2002 ex
741 1936 803 2000 illis
834 1935 1038 2018 temporibus
1063 1957 1084 2002 a
1107 1935 1339 2002 sacerdotibus

266 2040 378 2122 templi
402 2040 493 2106 Jovis
518 2037 689 2105 conlectos
713 2039 764 2119 iis,
797 2039 852 2120 qui
876 2043 993 2120 postea
1022 2037 1138 2118 fastos,
1171 2039 1226 2121 qui
1250 2057 1339 2103 nunc

266 2147 389 2222 extant,
413 2141 447 2206 in
470 2142 561 2208 Jovis
585 2141 727 2206 Latiaris
751 2141 833 2206 aede
857 2139 1112 2222 insculpserunt‚
1137 2141 1212 2206 usui
1237 2140 1340 2205 luisse

266 2249 415 2331 suspicer
428 2245 462 2334 Ι).

333 2364 448 2446 Neque
478 2365 566 2428 enim
600 2362 675 2428 fasti
707 2363 786 2428 anni
815 2363 879 2429 305
910 2384 941 2428 u.
967 2384 1007 2444 ο,
1039 2364 1103 2428 nisi
1133 2383 1186 2430 res
1221 2365 1269 2429 ita
1304 2383 1341 2429 se

267 2466 415 2546 haberet,
440 2467 545 2530 trinas
570 2472 638 2530 tum
664 2471 758 2530 actas
782 2484 857 2530 esse
882 2464 982 2531 ferias
1012 2485 1192 2549 earumque
1215 2467 1341 2548 primas

265 2567 375 2649 paullo
398 2572 572 2649 postquam
598 2567 753 2630 Horatius
786 2572 819 2631 et
843 2567 994 2632 Valerius
1026 2568 1235 2633 consulatum
1259 2569 1341 2632 inie-

264 2675 342 2733 runt
386 2667 489 2733 luisse
527 2669 778 2733 accuratissime
809 2670 995 2747 traderent3
1035 2688 1098 2734 nec
1133 2671 1252 2734 mirum
1290 2675 1342 2734 est

265 2790 354 2836 anno
378 2769 454 2848 304,
479 2772 507 2834 si
532 2771 794 2836 decemvirorum
818 2772 916 2836 huius
940 2773 1020 2836 anni
1043 2771 1257 2838 insolentiam
1281 2790 1340 2836 ne-

264 2873 466 2956 quitiamque
490 2873 696 2954 respicimus,
734 2871 833 2938 ferias
858 2872 960 2938 luisse
984 2874 1101 2940 nullas.
1149 2875 1339 2954 Praeterea,

266 2976 480 3060 quodetiam
510 2977 544 3040 in
576 2975 650 3041 aliis
683 2976 844 3041 fastorum
877 2975 1071 3058 fragmentis
1102 2977 1289 3044 invenimus
1301 2973 1339 3062 ⁴),

264 3078 388 3158 titulus,
413 3079 454 3142 de
478 3098 543 3160 quo
567 3079 684 3160 agitur,
718 3079 871 3145 consules
896 3080 975 3144 anni
999 3079 1065 3145 305
1090 3100 1120 3144 ιι.
1147 3099 1174 3144 c.
1200 3079 1266 3144 alio
1291 3085 1341 3144 at-

265 3197 328 3262 que
348 3198 464 3245 omnes
489 3178 558 3244 tere
592 3179 699 3245 fontes
714 3175 740 3264 5)
776 3181 890 3246 ordine
914 3187 1088 3247 enumerat
1123 3187 1155 3246 et
1192 3181 1272 3246 solis
1306 3181 1341 3243 in

267 3373 477 3382 ——--.....

323 3489 342 3560 ¹)
362 3489 454 3545 Rossii
472 3489 544 3562 (eph.
565 3508 610 3562 ep²
628 3491 653 3544 ll
671 3509 697 3562 p.
717 3493 752 3548 96
770 3491 824 3561 sq.)
843 3493 871 3546 at
890 3491 1054 3546 Mommseni
1073 3492 1129 3562 (qu.
1145 3490 1176 3546 R.
1188 3490 1214 3544 ll
1233 3509 1259 3562 p.
1272 3491 1341 3560 100).

321 3587 343 3659 ²)
362 3592 469 3659 quaest.
487 3589 565 3644 Rom.
585 3590 611 3644 Il
630 3609 656 3661 p.
678 3591 729 3646 102
748 3607 789 3660 sq,

321 3686 343 3758 Ι)
362 3687 479 3743 Rossins
497 3687 589 3743 annul.
610 3688 635 3742 d.
655 3686 720 3743 inst.
739 3687 794 3742 vol.
814 3688 889 3743 xiv
907 3707 933 3760 p.
955 3691 1007 3746 166
1026 3691 1114 3744 fastos
1140 3707 1176 3744 ex
1195 3689 1343 3768 annalibus

233 3817 236 3823 .
265 3771 395 3827 maximis
414 3773 530 3828 haustos
549 3790 611 3827 esse
630 3772 748 3838 conicii;
774 3791 864 3844 neque
883 3776 977 3828 lamen
996 3773 1025 3828 in
1044 3773 1081 3830 iis
1099 3773 1247 3845 quiequam
1273 3773 1341 3828 cort'

265 3857 357 3912 inesse
383 3857 482 3928 potuit,
510 3876 573 3912 cum
596 3857 680 3929 prisci
709 3858 824 3913 crinales
849 3857 977 3914 incendio
1006 3859 1072 3914 snni
1098 3861 1151 3916 361
1169 3877 1195 3914 ιι.
1216 3878 1239 3914 c.
1258 3859 1343 3914 deleti

268 3945 363 3997 essent
381 3943 427 4011 (of.
447 3943 554 3998 Teuffel
573 3943 638 3998 bist.
656 3943 711 3998 litt.
732 3943 809 3998 Rom.
828 3963 854 4015 p.
875 3945 946 4015 120).

321 4044 343 4114 ΙΙ)
362 4047 397 4098 cl.
417 4064 478 4116 pag.
497 4049 532 4101 26
551 4063 592 4115 sq.

321 4144 343 4215 Ι)
361 4144 421 4199 niv.
440 4146 489 4210 ΙΙΙ,
508 4148 552 4209 65,
571 4144 687 4217 Dionys.
707 4145 770 4199 Hal.
789 4145 837 4210 xl,
856 4147 900 4211 45,
921 4145 977 4200 cio.
1000 4145 1034 4200 de
1053 4163 1109 4216 rep.
1129 4146 1164 4210 ΙΙ,
1184 4145 1227 4209 31,
1247 4143 1343 4198 Zonar.

269 4231 330 4296 Vll,
351 4233 400 4297 19;
419 4231 496 4286 solus
515 4231 652 4287 Diodorus
670 4231 731 4295 Xll,
751 4233 786 4286 26
805 4230 922 4285 eundem
942 4230 1066 4285 ordinem
1085 4232 1188 4284 servat.
