3158 5116
732 562 768 618 33

283 709 383 773 Tertii
407 712 518 772 autem
542 706 606 770 diei
630 725 706 770 cum
731 705 786 770 alii
810 705 989 787 scriptores
1013 713 1084 772 tum
1115 707 1292 790 Dionysius

216 811 269 891 ΙΙΙ,
301 809 343 874 49
377 810 465 874 banc
496 807 564 874 lere
595 807 773 889 imaginem
809 807 1042 873 adumbratam
1078 809 1290 893 reliquerunt.

217 914 345 978 Taurus
376 909 607 978 communibus
640 909 836 993 populorum
860 910 944 975 Latii
972 911 1130 994 impensis
1156 933 1292 996 compa-

216 1021 309 1082 ratus
333 1013 566 1080 immolabatur
589 1012 632 1077 ab
657 1013 715 1093 eia,
740 1013 795 1095 qui
819 1013 925 1078 sacris
949 1021 1127 1094 praeerant
1142 1012 1174 1101 ¹).
1205 1017 1292 1081 Tau-

99 1137 104 1146 ·
217 1138 290 1182 rum
321 1116 433 1182 album
458 1133 533 1180 esse
557 1113 739 1196 oportebat,
777 1133 875 1197 quem
900 1134 1025 1181 morem
1050 1124 1186 1182 senatos
1211 1139 1291 1184 con·

217 1220 303 1285 sulto
327 1217 504 1301 aliquando
528 1235 603 1281 esse
627 1221 867 1280 commutatum
881 1217 1072 1302 rufulosqne
1088 1220 1161 1286 Jovi
1177 1226 1291 1286 tauros

219 1341 293 1387 csse
317 1322 412 1386 datos
435 1319 600 1384 Arnobius
624 1321 655 1400 2,
688 1319 730 1382 68
756 1319 942 1401 exprobrat.
980 1322 1079 1386 Tauri
1110 1328 1186 1387 exta
1217 1324 1290 1389 Jovi

219 1414 462 1501 cremabantur,
494 1440 574 1484 caro
604 1439 671 1484 non
707 1420 952 1501 comedebatur,
986 1423 1045 1486 sed
1079 1425 1135 1487 uni
1172 1427 1291 1507 cuique

218 1526 387 1590 civitatum
411 1521 522 1587 debita
545 1540 622 1603 pars
647 1517 830 1605 dabatur2),
855 1526 955 1604 atque
979 1523 1065 1588 haec
1089 1527 1199 1592 carnis
1223 1529 1291 1591 dis-

219 1627 350 1692 tributio
373 1630 468 1690 tauta
491 1629 563 1688 erat
585 1623 751 1704 religione,
776 1629 822 1703 nt,
847 1623 877 1688 si
901 1643 967 1707 qua
996 1631 1090 1708 parte
1118 1647 1180 1692 sua
1210 1629 1290 1693 civi-

218 1737 270 1796 tas
295 1727 440 1806 carebat,
465 1725 643 1790 instaurari
667 1725 802 1790 Latinas
826 1724 1035 1812 oporteret³).
1083 1727 1291 1813 Quapropter

218 1850 354 1898 carnem
384 1834 497 1912 petere
523 1827 576 1892 vel
604 1827 757 1909 accipere
780 1827 868 1892 idem
891 1828 1037 1895 valuisse
1060 1832 1094 1895 in
1118 1832 1290 1899 hominum

217 1933 329 2000 oribus
354 1938 453 2015 atque
477 1931 668 1995 Latinarum
692 1930 887 2012 participem
911 1949 986 1996 esse
1009 1933 1243 2021 intelligitur4).

284 2035 408 2114 Quibus
439 2032 537 2097 rebus
566 2031 762 2113 perpetratis
782 2050 918 2096 suorum
942 2051 1092 2117 quaeque
1116 2037 1290 2121 donorum,

217 2154 308 2220 quae
331 2138 574 2218 apportaverat,
592 2123 717 2196 ¹civitas
740 2137 869 2214 partem
893 2133 927 2196 in
950 2134 1042 2200 lovis
1059 2156 1119 2202 ara
1134 2141 1289 2222 ponebat.

220 2241 313 2320 Quae
345 2236 456 2321 qualia
492 2233 622 2316 luerint,
657 2233 833 2317 Dionysius
868 2233 920 2315 lV,
957 2235 1000 2300 49
1036 2239 1193 2306 describit
1223 2244 1289 2309 sic:

217 2343 284 2426 ,κατ’
312 2342 466 2425 φέρουσιν
491 2337 534 2409 εἰς
563 2332 660 2408 αὐτᾶς
690 2342 743 2418 (oo
773 2333 828 2408 τὰς
856 2337 1015 2414 Λατίνας)
1043 2334 1077 2400 αἱ
1102 2341 1289 2422 μετέχουσαι

220 2445 283 2506 τῶν
304 2440 397 2524 ἱερῶν
418 2437 521 2512 πόλεις
544 2433 579 2500 αἱ
599 2436 657 2515 μὲν
679 2435 777 2515 ἄρνας
788 2431 823 2518 ⁶),
848 2433 881 2498 οὶ
904 2436 938 2498 δὲ
966 2439 1089 2518 τυροῦς,
1119 2437 1153 2504 αἱ
1177 2444 1210 2506 δὲ
1232 2444 1289 2526 γά-

176 2621 178 2626 .
219 2543 333 2617 λακτός
354 2567 383 2604 τι
404 2535 567 2620 μέτοονθ),
591 2533 625 2599 αἱ
648 2535 682 2598 δὲ
706 2533 813 2614 ὅμοιόν
828 2561 856 2598 τι
872 2533 993 2612 τούτοις
1010 2539 1146 2603 πελάνου
1161 2543 1288 2623 γένοος’.

219 2647 284 2712 Aes
309 2645 449 2726 deniquo
472 2641 560 2726 quod
583 2645 720 2704 auctore
743 2639 842 2703 Festo
864 2659 895 2720 p.
922 2641 988 2703 210
1010 2661 1070 2722 pro
1091 2643 1237 2723 piscibus
1255 2648 1289 2712 in

219 2753 330 2814 monte
362 2745 491 2810 Albano
523 2744 638 2808 datum
669 2747 701 2804 et
733 2740 948 2821 piscatorium
984 2760 1042 2806 aes
1078 2745 1288 2812 nominatum

219 2856 279 2929 est,
305 2849 394 2914 feriis
417 2846 541 2911 Latinis
565 2842 712 2910 oblatum
736 2859 810 2906 esse
834 2842 910 2906 inde
934 2849 1082 2924 apparet,
1107 2848 1195 2928 quod
1219 2855 1252 2914 et
1268 2869 1290 2914 a

218 2953 324 3018 Plinio
348 2948 442 3036 (hist.
460 2953 528 3013 nat.
545 2946 596 3027 ΙΙΙ,
610 2946 641 3026 9,
658 2942 720 3027 68)
743 2943 967 3028 Suetonioque
983 2940 1119 3028 (Claud.
1137 2948 1176 3033 4)
1192 2971 1289 3019 mons

221 3056 368 3122 Albanus
391 3073 451 3136 pro
474 3051 666 3116 Latinarum
689 3047 911 3112 sollemnitate
935 3049 968 3111 in
986 3067 1026 3114 eo
1043 3049 1158 3117 habita
1174 3062 1289 3136 aperte

218 3183 432 3194 .......--——·-

275 3224 294 3295 ¹)
312 3243 329 3279 a
347 3222 508 3279 consulibus
525 3219 686 3291 plerumque
704 3215 852 3279 Romania
880 3216 930 3270 aed
959 3215 1048 3271 Diona
1076 3223 1188 3278 auctora
1216 3243 1289 3282 anno

218 3313 271 3367 698
289 3329 316 3364 u.
335 3328 359 3364 c.
374 3325 484 3364 sacrum
497 3304 610 3376 quidam
628 3301 696 3356 iecit
710 3306 757 3357 adn
776 3307 866 3373 ὀρθῶς
885 3312 1021 3375 προαχθείς
1040 3303 1098 3373 (39,
1112 3309 1162 3378 80)
1176 3312 1287 3367 otnnno

219 3399 271 3454 712
291 3415 317 3451 u.
337 3415 360 3451 o.
379 3395 424 3450 vel
443 3393 503 3466 ipse
521 3391 678 3464 praefectus
696 3388 829 3445 feriarum
848 3389 1009 3446 Latinarum
1028 3392 1088 3462 (47,
1108 3395 1166 3465 40).

274 3482 343 3554 ¹)cf.
353 3481 468 3553 Dionys.
483 3480 530 3546 lv,
541 3480 590 3536 49:
609 3479 681 3542 ,ἑνὸς
701 3482 732 3535 δὲ
753 3481 854 3551 ταύρου
874 3487 971 3541 κοινοῖς
992 3482 1046 3536 ὑπὸ
1067 3491 1164 3538 ποσῶν
1184 3493 1288 3561 θυομέ-

218 3591 268 3627 νου
284 3577 367 3644 μέρος
386 3570 481 3637 ἱκάοτη
500 3566 549 3636 (so.
561 3570 651 3642 πόλις)
670 3577 699 3626 td
710 3579 873 3645 τεταγμένον
886 3572 1029 3645 λαμβάνει.
1049 3573 1148 3628 θύουσι
1166 3576 1195 3632 ‹ll
1218 3580 1288 3651 ὑπὲρ

217 3661 329 3716 πάντων
350 3666 393 3714 καὶ
413 3665 459 3727 τὴν
477 3661 627 3732 ἡγεμονίαν
646 3668 699 3715 τῶν
717 3665 799 3736 ἱερῶν
811 3665 905 3734 ἔχουσι
915 3663 1062 3734 Ῥωμαῖοί
1075 3664 1103 3717 et
1115 3661 1191 3718 Serv.
1202 3663 1286 3734 Verg.

218 3747 286 3804 Aen.
306 3749 327 3814 1,
346 3749 412 3804 211:
431 3749 472 3814 ,ub
489 3745 518 3802 in
537 3747 644 3803 Albano
663 3748 770 3806 Latinis
780 3747 928 3806 visceratio
948 3749 1073 3816 dabatur,
1091 3747 1120 3804 id
1140 3751 1184 3805 est
1202 3751 1285 3804 caro'.

275 3833 350 3905 'lei
368 3833 429 3889 niv.
448 3837 492 3900 32,
512 3837 525 3890 1
547 3837 576 3889 et
593 3837 636 3900 87,
655 3837 681 3891 3.

273 3918 296 3989 ⁴)
314 3936 329 3973 e
348 3919 428 3973 Varr.
455 3919 490 3972 de
517 3918 535 3972 l.
559 3917 589 3974 L.
608 3919 657 3985 VI,
680 3922 724 3986 25,
753 3919 810 3974 Cic.
829 3938 878 3991 pro
897 3919 992 3974 Plano,
1011 3920 1037 3985 9,
1061 3921 1105 3984 23,
1124 3918 1194 3974 Plin.
1215 3919 1241 3974 h.
1262 3937 1289 3974 n.

220 4003 383 4159 lll'll’qllla
403 4087 467 4142 Jovi
486 4087 594 4142 hostiae
613 4089 758 4152 dabantur,
777 4106 825 4142 ens
844 4105 861 4141 a
876 4087 1038 4142 mulieribus
1047 4086 1155 4142 Latinis
1174 4087 1202 4141 ln
1215 4105 1290 4142 mon·

220 4175 276 4226 tom
295 4171 393 4226 ductas
411 4188 473 4226 esse
492 4189 507 4225 a
526 4170 667 4226 Ciceronis
685 4189 727 4242 ep.
747 4172 781 4226 ad
801 4171 859 4226 An.
878 4171 900 4237 I,
919 4171 1126 4243 3oomporiiur.

274 4253 296 4326 ⁶)
316 4256 350 4310 cl.
375 4255 449 4310 Fosi.
476 4273 498 4310 s.
517 4273 545 4310 v.
571 4254 699 4310 ancillare
725 4257 753 4310 el
772 4253 828 4311 (iio.
848 4255 882 4310 de
901 4253 957 4310 div.
976 4255 997 4322 I,
1018 4257 1066 4312 ll:
1087 4258 1125 4321 ,cl
1142 4253 1215 4310 laeto
1234 4273 1290 4309 mn-

220 4339 304 4397 alosti
322 4339 394 4397 lactc
413 4340 544 4397 lintinns'.

212 4439 225 4456 ⁹
1165 4447 1182 4502 3
