3158 5116
832 489 869 544 44

317 633 488 716 cipiamus,
513 633 603 700 nulla
626 641 676 700 est
700 653 814 700 causa.
839 631 901 700 Cui
924 639 1037 700 autem
1060 633 1175 700 urbem
1199 632 1383 715 gubernan-

317 736 395 801 dam
424 736 611 802 mandaturi
639 743 762 820 essent,
798 738 884 804 inter
914 738 1068 804 consules
1092 737 1283 822 plerumque
1306 755 1384 802 cou-

317 839 449 906 renisse
473 847 733 908 consentaneum
751 847 811 922 est,
836 841 1010 908 sedtamen
1026 841 1191 908 interdum
1208 841 1385 907 dissensio-

318 960 395 1007 nem
418 942 484 1008 hac
507 944 548 1009 de
571 962 607 1009 re
630 945 716 1010 inter
739 961 797 1010 eos
813 941 915 1010 fuisse
938 944 1085 1011 Sallustii
1101 944 1204 1026 locus,
1221 961 1319 1026 quem
1332 963 1386 1008 su·

317 1062 378 1124 pra
393 1044 572 1125 attulimus,
592 1046 689 1109 docet
699 1043 732 1129 ¹).
751 1044 818 1110 Sed
832 1052 963 1126 praeter
970 1047 1245 1110 consuetudinem
1260 1047 1386 1109 lactum

320 1161 461 1228 eamque
484 1144 527 1210 ob
550 1163 621 1210 rem
637 1146 735 1211 Dioni
752 1143 827 1230 (49,
841 1143 905 1231 42)
922 1146 1239 1211 commemoratione
1254 1145 1387 1226 dignum

318 1247 426 1311 visum
450 1252 510 1328 est,
534 1248 623 1330 quod
645 1265 735 1312 anno
759 1247 824 1310 720
847 1266 878 1312 u.
903 1266 932 1311 c.
956 1245 1169 1328 Octavianus,
1187 1266 1388 1330 quamquam

319 1367 387 1413 non
410 1355 483 1414 erat
506 1348 632 1431 consul,
657 1350 758 1415 etiam
782 1349 969 1432 complures
990 1349 1178 1432 praefectos
1196 1347 1283 1414 fecit.
1309 1349 1390 1414 Item

321 1451 508 1533 complures
530 1450 742 1534 praefectura
766 1451 870 1516 functi
894 1458 971 1516 sunt
994 1470 1083 1518 anno
1107 1452 1171 1517 731
1189 1472 1221 1516 u.
1240 1471 1268 1519 c.
1285 1451 1391 1516 Dione

321 1559 469 1630 auctore,
492 1555 548 1636 qui
571 1553 624 1636 53,
650 1553 693 1618 33
718 1555 803 1619 haec
826 1555 976 1620 tradidit:
1001 1550 1070 1629 ,κάν
1090 1560 1162 1625 ταῖς
1184 1549 1317 1631 ἀνοχαῖς
1338 1548 1392 1611 δύο

323 1650 398 1714 καθ’
420 1648 557 1733 ἑκάστην
584 1651 706 1737 ἡμέραν
734 1651 984 1736 ἐπολιὰρχησαν,
1016 1651 1072 1714 aar*
1101 1644 1145 1726 εἷς
1164 1652 1201 1732 γέ
1217 1675 1264 1725 τις
1286 1647 1392 1714 αὐτῶν

322 1751 421 1826 οὐδ’ἑς
436 1751 598 1833 μειράκιόν
611 1778 662 1816 πω
675 1755 772 1816 τελῶν
789 1748 876 1832 ὅμως
892 1744 1028 1841 ἦρξεν’”).
1052 1755 1117 1822 Sed
1145 1755 1230 1820 haee
1261 1752 1392 1818 fuerunt

321 1857 462 1938 insueta,
486 1877 565 1922 nam
588 1878 674 1924 unus
707 1878 837 1942 quoque
869 1865 1018 1940 tempore
1045 1856 1233 1940 praefectus
1264 1857 1337 1922 urbi
1371 1875 1392 1920 a

321 1961 512 2026 consulibus
536 1961 675 2046 relinqui
698 1962 836 2028 solebat.
862 1961 891 2026 A
914 1980 978 2044 quo
1003 1979 1095 2026 more
1118 1978 1194 2024 cum
1219 1965 1307 2024 esset
1331 1958 1391 2023 ali·

321 2063 473 2144 quotiens
495 2081 678 2144 recessum,
703 2063 747 2130 ab
769 2063 917 2145 Augusto
944 2082 1032 2128 anuo
1056 2061 1121 2126 736
1144 2082 1175 2128 u.
1201 2081 1230 2127 c.
1254 2061 1307 2127 vel
1338 2060 1390 2124 lex

322 2165 391 2232 lata
415 2173 474 2248 est,
498 2173 534 2232 ut
556 2187 641 2233 unus
663 2168 852 2251 praefectus
869 2165 1026 2233 feriarum
1042 2162 1172 2251 esset³).
1197 2164 1246 2230 Ac
1261 2182 1304 2230 ne
1319 2165 1391 2248 quis

323 2270 558 2353 imperatorem
583 2270 758 2337 Claudium
782 2272 870 2338 hanc
894 2271 999 2352 legem
1024 2269 1265 2352 contempsisse
1282 2268 1393 2334 existi-

323 2380 400 2454 met,
425 2374 535 2438 videat
558 2393 644 2456 quae
667 2394 740 2456 pag.
766 2375 809 2440 48
836 2373 1053 2458 proferentur.

390 2473 504 2556 Neque
526 2493 605 2540 vero
630 2494 727 2558 quem
759 2476 913 2542 consules
943 2472 1147 2557 praefectum
1179 2472 1392 2555 reliquerant,

323 2575 354 2640 ei
378 2594 513 2641 munere
537 2596 599 2642 sua
623 2584 741 2660 sponte
764 2579 920 2642 recedere
944 2583 1002 2641 aut
1025 2576 1068 2641 ad
1098 2574 1238 2639 alterum
1269 2574 1303 2637 id
1335 2573 1392 2636 de-

325 2674 410 2740 ferre
433 2677 563 2742 licebat.
589 2678 629 2742 Et
657 2685 771 2743 tamen
799 2678 904 2744 semel
936 2684 1053 2742 contra
1077 2677 1142 2741 hoc
1166 2675 1292 2741 factum
1315 2691 1391 2738 esse

323 2777 384 2843 Dio
408 2779 550 2862 quidem,
575 2781 758 2847 alienarum
780 2788 879 2866 atque
895 2782 1128 2846 inusitatarum
1146 2797 1257 2844 rerum
1273 2783 1392 2843 auctor

324 2882 567 2963 cupidissimus,
599 2885 768 2964 indagavit
798 2881 868 2969 (43,
893 2881 959 2969 48).
985 2883 1093 2966 Atque
1116 2882 1204 2946 idem
1227 2879 1393 2944 interdurn

324 2983 528 3064 praefectum
553 2986 704 3051 relictum
729 3005 804 3052 esse
827 2987 939 3069 utique
963 2986 1101 3066 nullum,
1132 2985 1191 3049 sed
1222 2989 1393 3065 praetores

324 3086 395 3150 eius
426 3106 563 3153 munere
592 3087 723 3154 functos
755 3107 829 3154 esse
854 3089 907 3170 41,
941 3089 982 3152 14
1007 3094 1039 3152 et
1063 3087 1116 3168 49,
1144 3086 1185 3150 16
1208 3082 1393 3168 testatur⁴).

391 3188 624 3271 fungebantur
647 3199 759 3258 autem
783 3193 848 3258 hac
872 3189 1082 3274 praefectura
1105 3189 1297 3272 plerumque
1313 3187 1395 3252 ado-

322 3289 495 3373 lescentes,
526 3294 582 3376 qui
612 3295 770 3360 senatorii
798 3295 943 3359 maxime
971 3293 1096 3358 ordinis
1127 3297 1231 3357 erant.
1263 3287 1391 3355 Gellius

324 3394 457 3476 quidem
480 3396 562 3478 XlV,
595 3396 615 3462 8
640 3397 869 3463 adolescentes
902 3395 1129 3462 Gracchorum
1160 3398 1271 3459 aetate
1298 3410 1396 3475 prae-

265 3561 268 3567 .
324 3493 486 3562 lecturam
510 3501 656 3566 tenuisse
679 3507 819 3579 testatur
843 3506 876 3565 et
899 3498 1020 3565 Strabo
1042 3497 1072 3564 V
1101 3517 1132 3579 p.
1163 3494 1228 3560 229
1261 3497 1302 3561 de
1332 3515 1394 3560 sua

381 3654 400 3723 ¹)
419 3655 538 3712 fortasse
557 3657 592 3712 ad
611 3657 727 3712 eandem
745 3675 804 3714 ram
822 3655 920 3711 Dionis
939 3655 1017 3710 locus
1038 3657 1080 3720 54,
1100 3655 1117 3709 6
1135 3655 1252 3724 spectat.

379 3737 401 3809 ²)
420 3737 650 3813 (temperantibus
674 3741 754 3798 uobis
779 3742 854 3798 hunc
878 3740 970 3796 locum
999 3757 1060 3796 curu
1088 3737 1394 3794 mortalitate:

326 3831 485 3900 ,πολὶιιρχός
503 3852 543 3892 τις
562 3836 592 3888 ἐν
611 3843 670 3893 ταῖς
689 3833 803 3904 ἀνοχαῖς
828 3837 960 3892 καταστὰς
979 3831 1071 3900 ἕτερον
1091 3832 1171 3888 αὐτὸς
1191 3833 1235 3895 τῆς
1255 3829 1396 3896 feuscolus·

325 3920 466 3974 dudelino
484 3929 528 3976 aul
544 3927 649 3985 ἐκεῖνος
662 3925 743 3978 ἄλλον
759 3937 764 3948 ·
779 3920 796 3976 8
814 3924 880 3996 μήτε
896 3922 1030 3994 πρότερον
1040 3923 1109 3994 μήθ’
1124 3919 1238 3990 ὕστερόν
1253 3934 1317 3973 ποτε
1334 3919 1396 3988 ἐγέ-

326 4010 406 4084 νετο,’
420 4006 469 4063 illo
486 4027 558 4066 anno
571 4011 716 4068 consulum
734 4011 812 4066 iussu
831 4011 934 4066 alteros
953 4011 987 4066 ab
1006 4009 1103 4066 alteris
1127 4023 1229 4063 munus
1252 4002 1396 4076 excepisse

326 4098 425 4155 elucet.

383 4182 600 4254 ⁸)D1054,17.

381 4269 403 4338 ⁴)
422 4269 457 4324 cf.
477 4268 561 4324 etiam
580 4267 661 4322 Dion.
681 4269 725 4332 54,
747 4268 771 4322 6.
