3158 5116
802 535 838 590 lo

287 699 364 746 care
376 679 410 767 ¹),
424 681 626 762 privatorum
651 680 895 744 controversias
913 695 1121 760 componere.
1147 677 1356 759 Quamquam

286 783 490 868 praelectum
513 781 616 846 ullum
641 782 776 847 comitia
798 788 856 847 aut
879 787 1031 846 senatum
1057 797 1263 846 convocasse
1289 798 1357 844 non

287 893 378 953 extat
400 885 625 950 testimonium
651 889 751 967 atque
773 890 907 966 propter
921 883 1137 966 plurimorum
1160 883 1281 948 civium
1298 882 1358 946 ab·

287 989 429 1054 sentiam
439 987 519 1051 illud
531 986 600 1050 lieri
610 987 664 1052 vix
678 987 800 1068 potuit:
816 986 1019 1068 privatorum
1033 1004 1111 1050 vero
1128 1003 1182 1050 res
1197 982 1358 1066 praelecti

287 1089 424 1155 arbitrio
448 1089 626 1153 identidem
644 1088 842 1151 commissas
859 1104 934 1151 esse
950 1087 1145 1150 iudicandas
1162 1091 1358 1165 argumento

287 1197 364 1255 sunt
375 1190 478 1255 verba
493 1196 526 1253 et
541 1188 670 1253 Nicolai
688 1187 888 1253 Damasceni
904 1187 937 1250 in
954 1189 1043 1252 vitae
1060 1186 1217 1252 Caesaris
1230 1204 1303 1268 cap.
1317 1184 1355 1248 b:

287 1290 452 1374 ,ἐνστάσης
474 1289 509 1351 δέ
528 1311 612 1362 τινος
634 1283 747 1368 ἑορτῆς
760 1284 915 1368 Λατίνης,
938 1282 1032 1350 o‘ntn
1055 1285 1111 1349 κατ’
1126 1287 1200 1359 τούς
1218 1281 1356 1358 ὑπάτους

287 1391 331 1467 εἰς
347 1386 498 1470 Ἀλβανὸν
518 1387 554 1452 τό
576 1380 649 1472 ὅρος
671 1385 853 1468 ἀναβαίνειν
873 1385 937 1451 ἔδει
958 1384 1097 1470 πατρίου
1118 1389 1237 1460 θυσίας
1258 1385 1358 1464 ἕνεκα,

287 1489 360 1565 τούς
391 1485 517 1573 δ’ἱερεῖς
545 1488 718 1568 διαδόχους
755 1484 859 1550 αὐτῶν
895 1487 951 1570 τῆς
987 1485 1230 1561 διακαιοδοοιός
1269 1478 1358 1570 εἶναι,

287 1589 409 1667 καθίζει
432 1586 487 1652 tut
507 1587 543 1652 τό
571 1589 662 1670 βῆμα
693 1585 858 1670 Καϊοαρῗ)
885 1589 918 1650 ἐν
937 1587 1019 1672 μέσῃ
1049 1582 1360 1671 ἆγορᾷ.υροςῄεσαν

285 1687 440 1754 δ’ἄυλετοι
464 1679 636 1770 ἄνθρωποι
658 1685 874 1763 δικαιοδοσίος
891 1683 1034 1773 χάριυη)
1072 1693 1106 1754 el
1140 1687 1289 1755 Suetonii
1324 1691 1359 1754 in

285 1795 373 1858 vitae
407 1791 549 1856 Neronis
573 1808 646 1872 cap.
680 1791 715 1855 7:
756 1793 959 1874 ,auspicatus
1000 1798 1051 1858 est
1095 1792 1357 1858 iurisdictionem

286 1892 474 1977 praefectus
504 1892 576 1956 urbi
606 1911 705 1958 sacro
735 1893 927 1959 Latinarum
960 1893 1184 1960 celeberrimis
1207 1896 1357 1976 patronis

287 2015 355 2061 non
376 1994 561 2059 tralaticias
586 2002 623 2058 ut
646 1994 771 2060 assolet
794 2003 825 2060 et
850 1995 978 2077 breves,
1011 1996 1071 2060 sed
1096 1998 1260 2062 maximas
1283 1997 1356 2080 plu-

287 2099 455 2181 rimasque
478 2096 718 2180 postulationes
743 2099 895 2162 certatim
910 2097 1133 2179 ingerentibus
1141 2095 1178 2185 ⁴),
1203 2101 1355 2183 quamvis

287 2200 499 2266 interdictum
522 2218 543 2263 a
567 2198 703 2264 Claudio
726 2199 836 2265 csset'.

355 2301 509 2368 Publicos
532 2319 611 2367 vero
636 2320 757 2366 causas
780 2302 912 2367 tradere
939 2301 1109 2384 praelecto
1142 2303 1277 2370 licuisse
1311 2305 1358 2369 ci-

290 2404 385 2468 vibus
409 2404 633 2468 Mommsenus
658 2403 819 2468 audacius
843 2403 973 2484 collegit
982 2399 1007 2488 ὓ)
1036 2423 1077 2468 ex
1101 2406 1207 2470 Taciti
1232 2425 1308 2471 ann.
1334 2407 1353 2471 l.

287 2505 330 2570 lV
354 2524 381 2570 c.
408 2503 467 2568 36:
493 2503 710 2584 ‚postulandis
733 2505 799 2568 reis
822 2511 892 2568 tam
909 2506 1084 2570 continuus
1103 2525 1210 2570 annus
1228 2505 1293 2592 [sc.
1311 2506 1354 2572 25

286 2624 318 2686 ρ.
343 2603 419 2669 Chr.
445 2606 495 2682 n.]
516 2601 589 2682 luit,
614 2609 649 2667 ut
674 2601 831 2668 seriarum
856 2605 1047 2669 Latinarum
1071 2606 1187 2670 diebus
1206 2605 1357 2688 praelec-

285 2711 355 2769 tum
383 2704 475 2768 urbis
498 2703 640 2768 Drusum
664 2705 859 2785 auspicandi
882 2706 987 2786 gratia
1010 2706 1155 2770 tribunal
1172 2708 1356 2788 ingressum

286 2808 405 2873 adierit
428 2805 625 2890 Calpurnius
652 2805 827 2872 Salvianus
859 2808 893 2871 in
923 2806 1000 2876 Sex.
1020 2807 1180 2889 Marium;
1214 2809 1302 2892 quod
1335 2828 1356 2873 a

288 2909 434 2976 Caesare
458 2905 521 2996 [sc.
535 2905 682 2994 Tiberio]
707 2909 818 2992 palam
834 2911 1031 2994 increpitum
1056 2929 1160 2977 causa
1178 2912 1266 2976 exilii
1283 2910 1357 2977 Sal-

286 3015 386 3078 viano
411 3012 498 3093 l'uit’;
530 3013 651 3077 etenim
682 3013 770 3095 quod
793 3013 959 3094 publicam
984 3032 1122 3079 causam
1146 3016 1191 3079 ad
1213 3014 1356 3079 Drusum

287 3115 458 3195 detulerat,
490 3112 684 3179 Salvianum
717 3133 860 3197 poenam
892 3115 1023 3180 dedisse
1054 3122 1201 3198 apparet.
1249 3115 1356 3198 Atque

287 3219 388 3284 etiam
412 3216 609 3298 scriptorum
633 3216 751 3281 verba:
776 3217 827 3282 ius
852 3218 972 3300 dicere,
997 3218 1048 3283 ius
1072 3219 1218 3302 reddere,
1244 3217 1356 3300 auspi-

286 3461 383 3515 relert:
411 3459 482 3514 llam
502 3462 530 3513 ol
547 3457 675 3522 tribunis,
694 3457 792 3528 inquit,
818 3458 907 3530 plebis
932 3461 1047 3513 sanatus
1074 3457 1194 3512 turbandi
1216 3456 1261 3511 ius
1286 3460 1355 3521 erat,

286 3561 452 3615 quamquam
471 3545 615 3597 senatores
632 3561 687 3596 non
706 3544 817 3596 essent’.
843 3541 899 3596 Cur
918 3542 1097 3597 Gracchanus
1114 3541 1183 3596 illud
1202 3541 1356 3609 negaverit,

286 3629 426 3699 explicare
455 3628 550 3682 studet
574 3627 764 3680 Mommsenus
791 3626 819 3680 in
847 3627 899 3681 iur.
925 3627 999 3698 publ.
1019 3627 1096 3680 Rom.
1115 3626 1170 3681 vol.
1189 3625 1202 3678 Ι
1220 3643 1282 3696 pag.
1301 3627 1355 3680 210

287 3731 350 3767 ann.
366 3716 391 3766 1.

344 3797 363 3866 ¹)
382 3797 417 3850 ci.
436 3796 472 3850 ib.
491 3813 554 3866 pag.
574 3797 627 3851 209
646 3798 675 3848 el
693 3796 746 3850 673
765 3813 828 3850 ann.
849 3798 873 3850 7.

343 3881 365 3952 ²)
384 3879 556 3936 Octavianus
570 3897 642 3934 orum
661 3882 713 3936 707
733 3897 760 3934 u.
780 3897 803 3934 ο.

343 3965 367 4036 ³)
386 3965 488 4020 Mirum
506 3983 561 4019 uon
580 3969 631 4029 est,
646 3965 718 4034 quod
736 3964 900 4036 peregrinus
918 3964 966 4019 illc
984 3966 1065 4020 homo
1083 3965 1227 4037 pontifices
1246 3964 1356 4020 Latinu-

286 4069 348 4105 rum
367 4051 464 4105 diebus
482 4049 526 4104 ius
545 4049 650 4106 dixisse
669 4050 740 4104 falso
760 4053 862 4116 narrat,
882 4049 947 4120 quia
966 4049 1137 4106 Octavianus
1155 4068 1187 4104 eo
1200 4068 1272 4104 anno
1290 4068 1356 4122 pon·

285 4136 357 4191 tifex
375 4136 437 4191 fuit.

341 4221 364 4292 ⁴)
382 4219 500 4274 Neronis
518 4218 648 4273 nimirum
667 4220 746 4274 modo
766 4237 782 4273 a
801 4219 915 4274 Claudio
935 4218 1058 4291 adoptati
1076 4218 1208 4274 adulandi
1226 4235 1318 4273 causa

341 4305 362 4374 ⁶)
382 4305 411 4359 in
430 4304 482 4360 iur.
502 4304 576 4375 publ.
596 4303 673 4358 Rom.
693 4305 748 4359 vol.
764 4295 780 4358 Ἰ
801 4323 827 4377 ρ.
847 4307 908 4360 673.
