3158 5116
807 489 843 544 24

354 635 460 718 Atque
483 633 698 702 Niebuhrium
708 632 741 718 ¹),
766 635 822 717 qui
845 651 904 698 sex
931 633 993 698 illis
1018 633 1088 699 dies
1105 633 1233 700 duabus
1250 633 1361 698 conic-

288 739 390 802 cturis
407 738 586 803 admodum
602 737 737 802 incertis
754 737 850 802 nixus
867 735 989 816 tribuit,
1015 756 1091 802 cum
1116 739 1203 820 apud
1227 737 1360 803 Festum

289 861 315 906 s.
341 860 370 905 u.
396 839 549 906 oscillarc
572 859 648 922 pro:
674 839 795 923 ,itaque
819 839 934 906 solitos
959 839 1022 906 illis
1037 839 1163 906 diebus’
1188 841 1359 922 legendum

291 961 366 1008 esse
390 949 556 1008 censeret:
589 943 711 1025 ,itaqua
734 961 792 1025 per
816 961 876 1008 sex
900 963 958 1008 eos
982 943 1063 1008 dios’
1096 951 1129 1008 ct
1152 944 1240 1027 apud
1263 943 1361 1008 scho-

289 1044 422 1108 liastam
438 1043 649 1109 Bobiensem:
677 1045 749 1125 ,ipsi
766 1063 824 1108 sax
841 1044 956 1109 diebus
973 1044 1125 1110 oscillare
1142 1045 1360 1110 instituerunt

245 1150 248 1157 “
288 1163 362 1225 pro:
389 1145 479 1225 ,ipsis
503 1144 618 1208 diebus
642 1143 727 1223 etc.‘,
752 1145 955 1227 supersedeo
979 1143 1133 1210 refutare.

789 1407 862 1492 §4

489 1583 531 1648 lto
554 1581 649 1650 lovis
673 1578 854 1666 Latiaris²t
878 1582 972 1650 cultu
995 1582 1163 1650 universo.

359 1795 556 1877 Priusquam
581 1795 753 1875 adipsum
783 1794 975 1858 Latinarum
1006 1792 1264 1858 celebrationem
1295 1799 1365 1857 tra·

294 1897 450 1961 ctandam
486 1897 667 1976 aggrediar,
703 1896 744 1960 de
778 1897 932 1960 universo
967 1897 1058 1960 Jovis
1097 1896 1237 1960 Latiaris
1272 1895 1361 1958 cultu

294 1999 469 2062 dicendum
495 2015 569 2060 esso
597 2004 684 2078 puto.

286 2108 287 2112 ’
360 2099 434 2163 Jam
459 2117 480 2162 a
504 2097 628 2163 Latinis
651 2099 769 2180 priscis
793 2099 908 2163 Jovem
931 2099 1097 2164 Latiarem
1114 2099 1237 2163 cultum
1255 2093 1364 2177 esse³)

296 2199 431 2265 Servius
455 2201 497 2263 ad
521 2200 617 2281 Verg.
643 2200 723 2265 Aen.
749 2199 805 2264 Xll
828 2221 858 2264 v.
886 2199 950 2264 135
973 2207 1115 2265 testatur
1138 2200 1260 2264 verbis:
1298 2200 1365 2278 ,Ju-

296 2302 380 2383 piter
402 2301 543 2366 Latiaris
568 2303 818 2384 antiquissimus
842 2301 912 2367 est’.
943 2301 1036 2382 Quae
1060 2309 1171 2367 autem
1197 2302 1312 2366 Festus
1337 2323 1362 2366 s.

298 2423 325 2466 v.
351 2402 504 2467 oscillare
535 2400 621 2487 (pag.
648 2403 713 2466 194
741 2405 791 2468 cd.
822 2402 859 2470 Ο.
892 2401 1050 2489 Muelleri)
1078 2405 1178 2469 tradit
1211 2405 1364 2469 Latinum

297 2523 416 2586 regem,
441 2512 617 2588 postquam
640 2507 775 2588 proelio,
800 2508 887 2589 quod
911 2508 941 2572 ei
966 2505 1026 2571 luit
1050 2507 1210 2572 adversus
1234 2505 1364 2570 Mezen-

293 2608 383 2688 tium,
417 2607 581 2672 Caeritum
610 2626 731 2690 rcgem,
764 2628 929 2691 nusquam
959 2607 1158 2691 apparuerit,
1191 2608 1361 2672 hominum

292 2711 413 2775 iudicio
437 2711 553 2776 Jovem
578 2709 702 2776 iactum
726 2731 800 2777 esse
825 2712 989 2777 Latiarem
998 2707 1034 2796 ⁴),
1061 2730 1101 2776 ca
1126 2731 1201 2775 cum
1217 2709 1363 2776 Graeco-

292 2833 364 2878 rum
398 2815 439 2878 de
469 2814 590 2879 talibus
620 2815 718 2880 rebus
751 2816 861 2898 opinio
895 2815 1055 2880 Romanis
1085 2833 1126 2879 eu
1150 2821 1245 2880 sexto
1269 2814 1358 2878 urbis

291 2916 427 2982 saeculo
450 2917 648 3000 praebuerit,
674 2918 766 2982 nihili
790 2924 867 2984 sunt
891 2917 1053 2984 iacienda.

336 3020 443 3102 Atque
466 3040 596 3085 summo
620 3039 751 3103 semper
774 3023 901 3086 honore
925 3023 1012 3085 hunc
1037 3023 1134 3085 deum
1152 3020 1274 3085 cultum
1289 3038 1363 3086 esse

241 3130 243 3134 ’
292 3139 332 3185 eo
365 3119 514 3204 efficitur,
553 3123 640 3205 quod
670 3122 755 3187 Alba
787 3123 895 3187 deleta
927 3143 993 3187 non
1025 3123 1131 3187 solum
1161 3124 1231 3187 eius
1256 3122 1363 3186 cultus

293 3230 445 3289 servatus
469 3231 529 3306 est,
561 3227 620 3290 scd
648 3227 748 3291 etiam
772 3227 824 3291 dei
848 3225 1003 3308 placandi
1027 3245 1131 3290 causa
1155 3225 1363 3290 novemdiale

353 3498 371 3568 ¹)
390 3497 455 3552 trist.
475 3497 553 3550 Rom.
573 3497 600 3552 II
620 3515 645 3568 p.
663 3497 706 3552 40.

349 3583 370 3652 ²)
390 3583 462 3654 apud
481 3581 644 3636 'Pertulliau
667 3581 799 3652 scorpiuc.
822 3584 846 3644 7,
872 3580 901 3633 in
926 3578 1009 3632 titulo
1028 3577 1074 3632 Or.
1094 3578 1179 3634 Henz.
1200 3580 1261 3634 coll.
1283 3583 1363 3646 7415,

293 3668 322 3721 in
348 3667 469 3721 carmine
496 3666 600 3720 saeculi
630 3665 722 3735 quarti
747 3685 772 3736 p.
800 3664 862 3718 Chr.
891 3681 917 3717 n.
944 3662 1047 3732 (Herm.
1077 3662 1131 3716 vol.
1157 3664 1192 3718 40
1220 3681 1281 3734 pag.
1310 3667 1361 3721 351

293 3771 319 3805 v.
342 3753 402 3820 122)
422 3751 549 3822 Juppiter
567 3749 671 3814 Latius,
693 3768 709 3804 a
728 3749 843 3804 Graecis
862 3749 962 3819 ubique
982 3753 1134 3821 Λαιιάριος
1153 3749 1314 3820 appellatur.

348 3834 368 3904 ³)
388 3836 421 3888 de
448 3835 576 3907 plurimis
601 3834 680 3888 donis
707 3833 770 3888 Jovi
798 3835 907 3900 oblatis,
936 3836 983 3906 qui
1007 3837 1036 3890 in
1055 3840 1148 3890 moute
1168 3835 1268 3889 effossa
1286 3837 1360 3899 sunt,

293 3920 427 3982 conferas,
446 3919 471 3974 ai
490 3919 569 3984 velis,
588 3937 659 3989 quae
679 3919 795 3974 Roasius
814 3920 841 3973 in
861 3921 960 3976 Annal.
980 3923 1005 3976 d.
1025 3921 1090 3977 inst.
1110 3921 1163 3977 vol.
1183 3922 1217 3976 43
1231 3937 1293 3990 pag.
1308 3920 1362 3974 239

294 4004 394 4060 docuit.

347 4089 369 4158 ⁴)
389 4090 504 4144 eandem
523 4090 691 4144 senteutiam
710 4089 861 4144 scholiasta
880 4089 1026 4145 Bobicnsis
1044 4090 1140 4160 (Oroll.
1161 4091 1193 4154 ll,
1217 4108 1279 4161 pag.
1298 4093 1362 4158 255)

292 4173 371 4244 sequi
389 4173 507 4238 videtur,
527 4173 575 4244 qui
585 4174 669 4229 etiarn
681 4176 803 4230 Aeneam
814 4175 928 4241 inducit,
948 4192 1030 4246 quem
1040 4175 1154 4230 Latinos
1167 4175 1272 4247 priscos
1285 4173 1362 4243 igno·

292 4275 369 4313 rasse
389 4262 506 4314 constat.
532 4265 536 4272 '
