3158 5116
774 487 808 542 21

256 630 390 694 Paullus
422 632 538 696 consul
569 633 603 696 iu
635 634 742 714 primo
765 640 894 715 senatu,
923 653 965 698 ne
989 635 1067 716 quid
1089 631 1327 714 profectionem

255 751 353 796 suam
385 738 525 823 teneret:
564 734 677 814 ‚pridie
710 734 783 798 idus
806 733 957 816 Apriles,
994 735 1050 815 ait,
1085 734 1221 813 ,Latinis
1253 752 1328 800 esse

257 834 472 898 constitutam
497 833 594 898 diem'
609 829 643 919 ¹).
691 833 772 898 Item
805 833 965 916 Caelium,
1002 855 1078 900 cum
1112 835 1179 898 iam
1214 853 1329 900 mense

257 933 437 998 Februario
461 935 540 998 anni
565 935 630 998 704
653 954 685 998 u.
703 954 731 998 c.
755 955 831 999 cum
848 935 1009 1002 Cicerone
1024 954 1084 1017 per
1099 936 1225 1001 litteras
1242 937 1328 1000 haec

256 1031 534 1120 communicatzl)
569 1034 769 1121 ,1101111119εῆ
793 1037 954 1102 habemus
986 1057 1118 1102 summa
1142 1037 1326 1118 diligentia3

257 1137 367 1202 adhuc
390 1143 526 1202 senatus
551 1138 737 1203 consultum
768 1139 832 1203 nisi
862 1139 903 1204 de
935 1138 1024 1204 feriis
1052 1139 1177 1204 Latiale
1201 1139 1327 1204 nullum

259 1237 369 1304 Iacere
392 1239 588 1322 potuerunt’,
613 1241 783 1323 deprimo
808 1241 878 1306 eius
895 1242 973 1306 anni
1000 1246 1136 1306 senatus
1164 1247 1328 1307 conventu

257 1342 358 1407 verba
383 1341 493 1408 tacere
515 1343 585 1408 veri
609 1349 659 1408 est
682 1344 798 1408 simile.

324 1444 532 1528 Quamquam
562 1446 753 1528 plerumque
782 1447 867 1511 iuter
892 1446 1046 1512 consules
1070 1446 1111 1510 de
1135 1446 1327 1510 Latinarum

258 1549 310 1612 die
341 1548 536 1612 convenisse
567 1554 828 1614 consentaneum
864 1553 925 1629 est,
958 1553 1081 1629 tamen,
1120 1547 1149 1612 si
1171 1547 1329 1612 alteruter

176 1643 177 1646 '
259 1653 384 1718 Romae
399 1651 490 1718 solus
506 1652 648 1733 adesset,
673 1651 703 1716 ei
720 1652 850 1718 edicere
873 1647 1041 1737 licuIsse⁴)
1066 1651 1218 1734 exempla
1241 1650 1328 1733 apud

258 1755 384 1820 Livium
408 1755 626 1836 inveniuntur,
651 1756 739 1838 apud
762 1774 860 1839 quem
885 1756 938 1836 41,
965 1754 1006 1820 16
1023 1755 1060 1834 Q.
1078 1753 1231 1820 Petilium
1249 1771 1328 1818 con-

257 1860 364 1926 sulem
398 1859 457 1925 Cn.
495 1859 645 1924 Cornelio
680 1859 806 1940 collega
841 1854 981 1941 mortuo,
1015 1863 1194 1941 antequam
1224 1875 1328 1922 novus

258 1963 384 2044 collega
399 1963 460 2045 ipsi
477 1961 719 2044 subrogaretur,
744 1962 879 2027 Latinas
897 1962 1040 2027 edixisse
1057 1967 1090 2026 et
1106 1959 1159 2042 45,
1176 1959 1197 2024 3
1220 1959 1328 2025 solum

259 2066 295 2132 C.
320 2066 480 2131 LIcInium
503 2065 660 2132 Crassum
685 2063 855 2130 consulem
879 2101 922 2110 -
945 2084 1024 2129 nam
1047 2063 1130 2129 alter
1154 2061 1270 2128 consul
1293 2061 1327 2126 L.

257 2170 417 2235 Aemilius
432 2168 566 2234 Paullus
590 2188 666 2233 cum
684 2169 829 2234 exercitu
853 2169 887 2232 in
901 2167 1097 2233 Macedonia
1121 2171 1193 2233 erat
1207 2202 1251 2212 -
1270 2183 1328 2230 eas

259 2273 454 2356 concepisse
489 2273 648 2354 scriptum
683 2271 843 2336 videmus.
896 2271 1046 2336 Edictum
1089 2275 1201 2335 autem
1242 2285 1327 2350 esse,

258 2395 333 2441 cum
355 2393 414 2458 per
436 2381 503 2440 tres
527 2375 597 2440 dies
622 2374 760 2439 Latinae
782 2369 1025 2458 haberenturf’),
1050 2372 1201 2438 ultimum
1221 2370 1329 2436 solum

258 2479 355 2558 diem,
381 2498 445 2560 quo
469 2497 567 2543 saera
588 2477 762 2542 sollemnia
786 2476 918 2556 fiebant,
944 2474 1166 2557 compluribus
1190 2473 1329 2554 scripto-

258 2599 329 2642 rum
358 2579 440 2643 Iocis
469 2577 713 2658 comprobatur,
745 2578 834 2641 velut
865 2577 1025 2642 Macrobii
1049 2578 1179 2642 Saturn.
1205 2576 1224 2638 l.
1250 2575 1272 2638 Ι.
1298 2594 1326 2638 c.

260 2679 381 2760 16,16:
402 2699 488 2760 ,eum
504 2679 624 2759 Latiar,
641 2679 706 2743 hoc
719 2683 769 2742 est
782 2679 974 2742 Latinarum
993 2677 1164 2758 sollemne,
1183 2677 1329 2759 concipi-

260 2781 323 2846 tur’
340 2787 373 2846 et
389 2783 470 2846 Liuii
496 2782 516 2845 l.
534 2780 578 2844 44
601 2801 629 2846 c.
649 2781 706 2844 19:
734 2781 848 2862 ,pridie
872 2781 945 2845 idus
960 2779 1088 2862 Apriles
1111 2780 1237 2845 Latinis
1253 2797 1328 2844 esse

258 2885 471 2951 constitutam
484 2883 597 2965 diem’;
622 2883 772 2950 similiter
784 2884 890 2949 Varro
903 2883 943 2949 de
956 2883 976 2947 l.
991 2883 1060 2948 Lat.
1074 2883 1127 2965 VI,
1144 2883 1187 2947 25
1204 2883 1245 2948 de
1261 2901 1328 2948 uno

257 2989 309 3054 die
324 2989 518 3071 conceptiva
534 2988 686 3071 loquitur.
704 2987 811 3071 Atque
827 2986 911 3052 inter
928 2986 1120 3051 Latinarum
1137 2985 1328 3068 conceptio-

257 3109 333 3156 nem
350 3097 383 3156 et
396 3091 485 3156 hunc
502 3091 588 3156 diem
607 3090 802 3156 sollemnem
821 3089 987 3154 mediocre
1009 3089 1238 3171 interpositum
1257 3095 1328 3154 erat

257 3193 474 3273 intervallum,
484 3193 580 3276 quod,
595 3192 740 3274 singulos
754 3212 860 3257 annos
877 3193 905 3256 si
920 3193 1030 3274 quoad
1046 3191 1114 3256 lieri
1131 3196 1240 3273 potest
1254 3210 1328 3273 per-

256 3296 445 3376 lustramus,
470 3297 569 3362 modo
589 3297 696 3362 maius
713 3296 812 3362 modo
828 3295 936 3360 minus
953 3293 1055 3359 luisse
1071 3288 1326 3378 Intelligimusb.

258 3398 351 3478 Quod
375 3404 486 3463 autem
511 3404 600 3464 esset
623 3399 795 3464 mInImum
819 3398 978 3480 temporis
993 3397 1147 3480 spatium,
1171 3395 1328 3477 religione

315 3583 334 3655 ¹)
352 3585 412 3640 Liv.
431 3587 474 3652 44,
496 3589 543 3651 19;
563 3588 598 3642 el.
617 3604 680 3658 pag.
701 3587 736 3642 22
756 3605 820 3642 ann.
839 3587 864 3642 2.

312 3668 334 3739 1)
354 3669 410 3726 oia.
431 3671 474 3725 ad.
493 3672 558 3726 Iam.
577 3672 653 3736 VIII,
673 3673 698 3736 6,
718 3673 743 3727 3.

313 3751 334 3824 1)
353 3772 454 3810 munus
472 3753 593 3810 inierunt
611 3755 745 3812 Kalendis
764 3755 915 3812 Ianuariis.

312 3839 335 3910 ⁴)
354 3840 390 3894 cf.
409 3839 438 3893 in
457 3839 617 3896 universum
637 3842 764 3897 Momms.
784 3841 835 3896 iur.
854 3840 928 3913 publ.
948 3840 1026 3896 Rom.
1046 3839 1100 3894 vol.
1122 3840 1164 3896 ⁸1.
1184 3858 1247 3912 pag.
1267 3842 1310 3896 30.

313 3924 334 3994 1)
353 3925 388 3978 ci.
407 3941 471 3996 pag.
490 3927 525 3981 22
537 3943 578 3997 sq.

313 4007 335 4078 1)
354 4008 433 4064 velut
458 4027 530 4064 anuo
557 4011 609 4066 578
629 4029 655 4066 u.
676 4028 698 4064 c.
728 4009 931 4080 quinquaginta
948 4009 1020 4079 (niv.
1039 4011 1083 4072 41,
1105 4009 1157 4078 16),
1186 4025 1257 4062 anno
1277 4008 1330 4063 583

259 4093 303 4147 vel
322 4093 640 4164 septuagintaquinque
659 4093 729 4164 (Liv.
746 4096 790 4159 42,
809 4093 863 4164 35),
890 4111 962 4148 anno
981 4095 1033 4150 305
1052 4091 1154 4162 viginti
1173 4095 1234 4146 octo
1253 4092 1329 4162 (0.1.

259 4177 289 4231 L.
308 4177 356 4240 vl,
376 4179 399 4242 1,
419 4177 614 4242 2011=xlv,
633 4177 724 4248 2230),
744 4195 816 4232 anno
833 4178 886 4233 710
904 4176 1007 4246 viginti
1025 4176 1147 4247 quinque
1165 4176 1224 4232 dies
1244 4175 1285 4246 (0.
1309 4176 1329 4230 I.

259 4261 289 4316 II.
310 4262 320 4315 l
340 4281 365 4334 p.
384 4263 448 4334 461)
467 4261 623 4335 interpositi
642 4262 729 4318 luisse
747 4261 885 4316 videntur.
