<?xml version="1.0" encoding="UTF-8"?>
<!DOCTYPE html PUBLIC "-//W3C//DTD XHTML 1.0 Transitional//EN"
    "http://www.w3.org/TR/xhtml1/DTD/xhtml1-transitional.dtd">
<html xmlns="http://www.w3.org/1999/xhtml" xml:lang="en" lang="en">
 <head>
  <title>
</title>
<meta http-equiv="Content-Type" content="text/html;charset=utf-8" />
  <meta name='ocr-system' content='tesseract 3.04.00' />
  <meta name='ocr-capabilities' content='ocr_page ocr_carea ocr_par ocr_line ocrx_word'/>
</head>
<body>
  <div class='ocr_page' id='page_1' title='image "./deferiislatinis00werngoog_0027.png"; bbox 0 0 3158 5116; ppageno 0'>
   <div class='ocr_carea' id='block_1_1' title="bbox 805 493 842 549">
    <p class='ocr_par' dir='ltr' id='par_1_1' title="bbox 805 493 842 549">
     <span class='ocr_line' id='line_1_1' title="bbox 805 493 842 549; baseline 0.027 -1"><span class='ocrx_word' id='word_1_1' title='bbox 805 493 842 549; x_wconf 99' lang='grc'><strong>20</strong></span> 
     </span>
    </p>
   </div>
   <div class='ocr_carea' id='block_1_2' title="bbox 289 649 1367 1842">
    <p class='ocr_par' dir='ltr' id='par_1_2' title="bbox 289 649 1367 1842">
     <span class='ocr_line' id='line_1_2' title="bbox 356 649 1365 738; baseline 0.001 -20"><span class='ocrx_word' id='word_1_2' title='bbox 356 649 494 718; x_wconf 87' lang='lat' dir='ltr'>Summa</span> <span class='ocrx_word' id='word_1_3' title='bbox 522 669 601 719; x_wconf 85' lang='lat' dir='ltr'>vero</span> <span class='ocrx_word' id='word_1_4' title='bbox 628 653 786 736; x_wconf 78' lang='lat' dir='ltr'>religione</span> <span class='ocrx_word' id='word_1_5' title='bbox 817 673 894 720; x_wconf 86' lang='lat' dir='ltr'>curn</span> <span class='ocrx_word' id='word_1_6' title='bbox 922 654 1064 721; x_wconf 88' lang='lat' dir='ltr'>Romani</span> <span class='ocrx_word' id='word_1_7' title='bbox 1087 661 1286 738; x_wconf 88' lang='lat' dir='ltr'>tenerentur,</span> <span class='ocrx_word' id='word_1_8' title='bbox 1318 673 1365 719; x_wconf 91' lang='lat' dir='ltr'>ne</span> 
     </span>
     <span class='ocr_line' id='line_1_3' title="bbox 290 753 1365 842; baseline 0.003 -23"><span class='ocrx_word' id='word_1_9' title='bbox 290 753 356 820; x_wconf 90' lang='lat' dir='ltr'>ullo</span> <span class='ocrx_word' id='word_1_10' title='bbox 380 774 470 822; x_wconf 90' lang='lat' dir='ltr'>anno</span> <span class='ocrx_word' id='word_1_11' title='bbox 495 755 593 822; x_wconf 81' lang='lat' dir='ltr'>ferias</span> <span class='ocrx_word' id='word_1_12' title='bbox 617 758 815 838; x_wconf 85' lang='lat' dir='ltr'>omitterent,</span> <span class='ocrx_word' id='word_1_13' title='bbox 853 776 941 824; x_wconf 90' lang='lat' dir='ltr'>anno</span> <span class='ocrx_word' id='word_1_14' title='bbox 964 757 1030 823; x_wconf 81' lang='lat'>497</span> <span class='ocrx_word' id='word_1_15' title='bbox 1054 778 1085 824; x_wconf 93' lang='lat' dir='ltr'>u.</span> <span class='ocrx_word' id='word_1_16' title='bbox 1110 777 1151 840; x_wconf 73' lang='lat' dir='ltr'>c,</span> <span class='ocrx_word' id='word_1_17' title='bbox 1176 777 1253 824; x_wconf 87' lang='lat' dir='ltr'>cum</span> <span class='ocrx_word' id='word_1_18' title='bbox 1275 758 1365 842; x_wconf 90' lang='lat' dir='ltr'>peri-</span> 
     </span>
     <span class='ocr_line' id='line_1_4' title="bbox 290 857 1366 943; baseline 0.003 -21"><span class='ocrx_word' id='word_1_19' title='bbox 290 857 400 924; x_wconf 88' lang='lat' dir='ltr'>culum</span> <span class='ocrx_word' id='word_1_20' title='bbox 425 865 524 942; x_wconf 86' lang='lat' dir='ltr'>esset,</span> <span class='ocrx_word' id='word_1_21' title='bbox 548 878 590 925; x_wconf 87' lang='lat' dir='ltr'>ne</span> <span class='ocrx_word' id='word_1_22' title='bbox 615 860 753 926; x_wconf 79' lang='lat' dir='ltr'><strong>Latinae</strong></span> <span class='ocrx_word' id='word_1_23' title='bbox 776 859 832 926; x_wconf 89' lang='lat' dir='ltr'>illo</span> <span class='ocrx_word' id='word_1_24' title='bbox 856 880 946 926; x_wconf 90' lang='lat' dir='ltr'>anno</span> <span class='ocrx_word' id='word_1_25' title='bbox 969 867 1081 928; x_wconf 86' lang='lat' dir='ltr'>essent</span> <span class='ocrx_word' id='word_1_26' title='bbox 1103 861 1224 943; x_wconf 90' lang='lat' dir='ltr'>nullae,</span> <span class='ocrx_word' id='word_1_27' title='bbox 1256 862 1366 926; x_wconf 89' lang='lat' dir='ltr'>diota-</span> 
     </span>
     <span class='ocr_line' id='line_1_5' title="bbox 289 961 1365 1049; baseline 0 -22"><span class='ocrx_word' id='word_1_28' title='bbox 289 967 342 1027; x_wconf 89' lang='lat' dir='ltr'>tor</span> <span class='ocrx_word' id='word_1_29' title='bbox 365 961 520 1029; x_wconf 80' lang='lat' dir='ltr'>feriarum</span> <span class='ocrx_word' id='word_1_30' title='bbox 544 963 737 1030; x_wconf 86' lang='lat' dir='ltr'>Latinarum</span> <span class='ocrx_word' id='word_1_31' title='bbox 761 983 864 1030; x_wconf 85' lang='lat' dir='ltr'>eausa</span> <span class='ocrx_word' id='word_1_32' title='bbox 888 965 996 1030; x_wconf 88' lang='lat' dir='ltr'>dietus</span> <span class='ocrx_word' id='word_1_33' title='bbox 1020 971 1071 1030; x_wconf 84' lang='lat' dir='ltr'>eet</span> <span class='ocrx_word' id='word_1_34' title='bbox 1085 962 1119 1049; x_wconf 87' lang='lat'>¹).</span> <span class='ocrx_word' id='word_1_35' title='bbox 1164 966 1365 1031; x_wconf 87' lang='lat' dir='ltr'>Flaminium</span> 
     </span>
     <span class='ocr_line' id='line_1_6' title="bbox 290 1064 1367 1148; baseline 0 -20"><span class='ocrx_word' id='word_1_36' title='bbox 290 1064 460 1129; x_wconf 83' lang='lat' dir='ltr'>consulem</span> <span class='ocrx_word' id='word_1_37' title='bbox 491 1066 569 1130; x_wconf 89' lang='lat' dir='ltr'>anni</span> <span class='ocrx_word' id='word_1_38' title='bbox 599 1065 664 1130; x_wconf 80' lang='lat'>537</span> <span class='ocrx_word' id='word_1_39' title='bbox 695 1085 726 1130; x_wconf 92' lang='lat' dir='ltr'>u.</span> <span class='ocrx_word' id='word_1_40' title='bbox 758 1085 798 1146; x_wconf 88' lang='lat' dir='ltr'>c.,</span> <span class='ocrx_word' id='word_1_41' title='bbox 834 1067 922 1148; x_wconf 89' lang='lat' dir='ltr'>quod</span> <span class='ocrx_word' id='word_1_42' title='bbox 951 1065 1051 1132; x_wconf 85' lang='lat' dir='ltr'>ferias</span> <span class='ocrx_word' id='word_1_43' title='bbox 1086 1067 1267 1146; x_wconf 85' lang='lat' dir='ltr'>omisisset,</span> <span class='ocrx_word' id='word_1_44' title='bbox 1303 1065 1367 1130; x_wconf 89' lang='lat' dir='ltr'>ad-</span> 
     </span>
     <span class='ocr_line' id='line_1_7' title="bbox 290 1165 1367 1249; baseline 0 -21"><span class='ocrx_word' id='word_1_45' title='bbox 290 1165 510 1231; x_wconf 84' lang='lat' dir='ltr'>versariorum</span> <span class='ocrx_word' id='word_1_46' title='bbox 535 1166 681 1232; x_wconf 89' lang='lat' dir='ltr'>clamore</span> <span class='ocrx_word' id='word_1_47' title='bbox 697 1167 912 1249; x_wconf 87' lang='lat' dir='ltr'>convicioque</span> <span class='ocrx_word' id='word_1_48' title='bbox 927 1185 1034 1248; x_wconf 89' lang='lat' dir='ltr'>paene</span> <span class='ocrx_word' id='word_1_49' title='bbox 1050 1167 1267 1232; x_wconf 87' lang='lat' dir='ltr'>dilaceratum</span> <span class='ocrx_word' id='word_1_50' title='bbox 1287 1183 1367 1230; x_wconf 87' lang='lat' dir='ltr'>esse</span> 
     </span>
     <span class='ocr_line' id='line_1_8' title="bbox 291 1263 1363 1353; baseline 0 -24"><span class='ocrx_word' id='word_1_51' title='bbox 291 1265 400 1331; x_wconf 85' lang='lat' dir='ltr'>Liuius</span> <span class='ocrx_word' id='word_1_52' title='bbox 424 1267 520 1332; x_wconf 88' lang='lat' dir='ltr'>tradit</span> <span class='ocrx_word' id='word_1_53' title='bbox 534 1263 577 1353; x_wconf 75' lang='lat'>²);</span> <span class='ocrx_word' id='word_1_54' title='bbox 601 1267 708 1332; x_wconf 88' lang='lat' dir='ltr'>Hirtio</span> <span class='ocrx_word' id='word_1_55' title='bbox 732 1272 765 1331; x_wconf 93' lang='lat' dir='ltr'>et</span> <span class='ocrx_word' id='word_1_56' title='bbox 787 1267 919 1333; x_wconf 80' lang='lat' dir='ltr'><strong>Pansae</strong></span> <span class='ocrx_word' id='word_1_57' title='bbox 943 1268 1134 1332; x_wconf 83' lang='lat' dir='ltr'>oonsulibus</span> <span class='ocrx_word' id='word_1_58' title='bbox 1147 1264 1173 1352; x_wconf 82' lang='lat'>⁸)</span> <span class='ocrx_word' id='word_1_59' title='bbox 1197 1269 1275 1333; x_wconf 89' lang='lat' dir='ltr'>anni</span> <span class='ocrx_word' id='word_1_60' title='bbox 1296 1269 1314 1331; x_wconf 79' lang='lat' dir='ltr'>t</span> <span class='ocrx_word' id='word_1_61' title='bbox 1320 1267 1363 1330; x_wconf 92' lang='grc'>11</span> 
     </span>
     <span class='ocr_line' id='line_1_9' title="bbox 290 1363 1366 1450; baseline 0 -18"><span class='ocrx_word' id='word_1_62' title='bbox 290 1387 320 1432; x_wconf 90' lang='lat' dir='ltr'>u.</span> <span class='ocrx_word' id='word_1_63' title='bbox 346 1386 374 1432; x_wconf 90' lang='lat' dir='ltr'>c.</span> <span class='ocrx_word' id='word_1_64' title='bbox 400 1363 456 1446; x_wconf 79' lang='grc' dir='ltr'>τήν</span> <span class='ocrx_word' id='word_1_65' title='bbox 477 1365 586 1443; x_wconf 72' lang='grc' dir='ltr'><em>ἔξοδον</em></span> <span class='ocrx_word' id='word_1_66' title='bbox 605 1368 665 1450; x_wconf 79' lang='grc' dir='ltr'>πρό</span> <span class='ocrx_word' id='word_1_67' title='bbox 688 1367 750 1430; x_wconf 74' lang='grc' dir='ltr'>τῶν</span> <span class='ocrx_word' id='word_1_68' title='bbox 782 1368 936 1430; x_wconf 70' lang='grc' dir='ltr'><em>Λατίνων</em></span> <span class='ocrx_word' id='word_1_69' title='bbox 965 1363 1087 1445; x_wconf 75' lang='grc' dir='ltr'><em>ἀνοχῶν</em></span> <span class='ocrx_word' id='word_1_70' title='bbox 1113 1365 1316 1450; x_wconf 77' lang='grc' dir='ltr'><em>ποιήσασθαι</em></span> <span class='ocrx_word' id='word_1_71' title='bbox 1343 1387 1366 1432; x_wconf 81' lang='lat' dir='ltr'>a</span> 
     </span>
     <span class='ocr_line' id='line_1_10' title="bbox 292 1454 1366 1573; baseline -0.003 -37"><span class='ocrx_word' id='word_1_72' title='bbox 292 1468 612 1550; x_wconf 66' lang='grc' dir='ltr'>(10031001011046,Ι</span> <span class='ocrx_word' id='word_1_73' title='bbox 637 1468 657 1533; x_wconf 88' lang='lat'><strong>3</strong></span> <span class='ocrx_word' id='word_1_74' title='bbox 681 1469 856 1573; x_wconf 79' lang='lat' dir='ltr'>opprobrio</span> <span class='ocrx_word' id='word_1_75' title='bbox 880 1470 992 1550; x_wconf 88' lang='lat' dir='ltr'>datur;</span> <span class='ocrx_word' id='word_1_76' title='bbox 1024 1454 1105 1536; x_wconf 84' lang='lat' dir='ltr'>¹lasti</span> <span class='ocrx_word' id='word_1_77' title='bbox 1135 1471 1276 1554; x_wconf 91' lang='lat' dir='ltr'>denique</span> <span class='ocrx_word' id='word_1_78' title='bbox 1300 1471 1366 1552; x_wconf 88' lang='lat' dir='ltr'>ipsi</span> 
     </span>
     <span class='ocr_line' id='line_1_11' title="bbox 291 1570 1367 1638; baseline 0 -2"><span class='ocrx_word' id='word_1_79' title='bbox 291 1589 367 1636; x_wconf 90' lang='lat' dir='ltr'>oum</span> <span class='ocrx_word' id='word_1_80' title='bbox 392 1571 497 1636; x_wconf 91' lang='lat' dir='ltr'>altero</span> <span class='ocrx_word' id='word_1_81' title='bbox 521 1571 783 1636; x_wconf 88' lang='lat' dir='ltr'>decemvirorum</span> <span class='ocrx_word' id='word_1_82' title='bbox 807 1590 896 1636; x_wconf 90' lang='lat' dir='ltr'>anno</span> <span class='ocrx_word' id='word_1_83' title='bbox 920 1570 1203 1638; x_wconf 85' lang='lat' dir='ltr'>turbulentissimo</span> <span class='ocrx_word' id='word_1_84' title='bbox 1227 1573 1367 1637; x_wconf 89' lang='lat' dir='ltr'>Latinas</span> 
     </span>
     <span class='ocr_line' id='line_1_12' title="bbox 292 1670 1367 1758; baseline 0.001 -21"><span class='ocrx_word' id='word_1_85' title='bbox 292 1691 358 1737; x_wconf 91' lang='lat' dir='ltr'>non</span> <span class='ocrx_word' id='word_1_86' title='bbox 382 1670 483 1738; x_wconf 87' lang='lat' dir='ltr'>fuisse</span> <span class='ocrx_word' id='word_1_87' title='bbox 507 1673 655 1738; x_wconf 89' lang='lat' dir='ltr'>indicant</span> <span class='ocrx_word' id='word_1_88' title='bbox 666 1670 693 1758; x_wconf 83' lang='lat'>⁴)</span> <span class='ocrx_word' id='word_1_89' title='bbox 728 1692 797 1738; x_wconf 89' lang='lat' dir='ltr'>rem</span> <span class='ocrx_word' id='word_1_90' title='bbox 822 1691 928 1757; x_wconf 89' lang='lat' dir='ltr'>paene</span> <span class='ocrx_word' id='word_1_91' title='bbox 963 1675 1145 1740; x_wconf 82' lang='lat' dir='ltr'>inauditam</span> <span class='ocrx_word' id='word_1_92' title='bbox 1182 1675 1367 1740; x_wconf 83' lang='lat' dir='ltr'>memoriae</span> 
     </span>
     <span class='ocr_line' id='line_1_13' title="bbox 291 1776 606 1842; baseline -0.003 -2"><span class='ocrx_word' id='word_1_93' title='bbox 291 1776 422 1841; x_wconf 83' lang='lat' dir='ltr'>tradere</span> <span class='ocrx_word' id='word_1_94' title='bbox 445 1776 606 1842; x_wconf 89' lang='lat' dir='ltr'>videntur.</span> 
     </span>
    </p>
   </div>
   <div class='ocr_carea' id='block_1_3' title="bbox 790 2037 863 2119">
    <p class='ocr_par' dir='ltr' id='par_1_3' title="bbox 790 2037 863 2119">
     <span class='ocr_line' id='line_1_14' title="bbox 790 2037 863 2119; baseline 0.014 -19"><span class='ocrx_word' id='word_1_95' title='bbox 790 2037 863 2119; x_wconf 71' lang='lat' dir='ltr'>§a</span> 
     </span>
    </p>
   </div>
   <div class='ocr_carea' id='block_1_4' title="bbox 477 2193 1173 2280">
    <p class='ocr_par' dir='ltr' id='par_1_4' title="bbox 477 2193 1173 2280">
     <span class='ocr_line' id='line_1_15' title="bbox 477 2193 1173 2280; baseline 0 -18"><span class='ocrx_word' id='word_1_96' title='bbox 477 2195 520 2262; x_wconf 84' lang='lat' dir='ltr'>Ile</span> <span class='ocrx_word' id='word_1_97' title='bbox 544 2193 706 2262; x_wconf 83' lang='lat' dir='ltr'>seriarum</span> <span class='ocrx_word' id='word_1_98' title='bbox 731 2193 925 2262; x_wconf 85' lang='lat' dir='ltr'>latinarum</span> <span class='ocrx_word' id='word_1_99' title='bbox 949 2195 1173 2280; x_wconf 76' lang='lat' dir='ltr'>conceptione.</span> 
     </span>
    </p>
   </div>
   <div class='ocr_carea' id='block_1_5' title="bbox 292 2402 1366 3409">
    <p class='ocr_par' dir='ltr' id='par_1_5' title="bbox 292 2402 1366 3409">
     <span class='ocr_line' id='line_1_16' title="bbox 360 2402 1366 2486; baseline -0.002 -18"><span class='ocrx_word' id='word_1_100' title='bbox 360 2403 505 2483; x_wconf 87' lang='lat' dir='ltr'>Latinas,</span> <span class='ocrx_word' id='word_1_101' title='bbox 531 2404 650 2486; x_wconf 92' lang='lat' dir='ltr'>quippe</span> <span class='ocrx_word' id='word_1_102' title='bbox 674 2402 792 2485; x_wconf 89' lang='lat' dir='ltr'>quibus</span> <span class='ocrx_word' id='word_1_103' title='bbox 816 2422 883 2467; x_wconf 90' lang='lat' dir='ltr'>non</span> <span class='ocrx_word' id='word_1_104' title='bbox 908 2405 1121 2468; x_wconf 74' lang='lat' dir='ltr'>carlmanni</span> <span class='ocrx_word' id='word_1_105' title='bbox 1144 2405 1215 2468; x_wconf 87' lang='lat' dir='ltr'>dies</span> <span class='ocrx_word' id='word_1_106' title='bbox 1239 2404 1366 2468; x_wconf 90' lang='lat' dir='ltr'>consti-</span> 
     </span>
     <span class='ocr_line' id='line_1_17' title="bbox 293 2501 1365 2587; baseline 0 -19"><span class='ocrx_word' id='word_1_107' title='bbox 293 2510 382 2568; x_wconf 90' lang='lat' dir='ltr'>tutus</span> <span class='ocrx_word' id='word_1_108' title='bbox 399 2510 497 2585; x_wconf 91' lang='lat' dir='ltr'>esset,</span> <span class='ocrx_word' id='word_1_109' title='bbox 522 2521 661 2567; x_wconf 87' lang='lat' dir='ltr'>necesse</span> <span class='ocrx_word' id='word_1_110' title='bbox 677 2501 779 2568; x_wconf 84' lang='lat' dir='ltr'>fuisse</span> <span class='ocrx_word' id='word_1_111' title='bbox 803 2505 932 2584; x_wconf 83' lang='lat' dir='ltr'>concipi</span> <span class='ocrx_word' id='word_1_112' title='bbox 955 2521 991 2568; x_wconf 90' lang='lat' dir='ltr'>re</span> <span class='ocrx_word' id='word_1_113' title='bbox 1015 2504 1088 2584; x_wconf 88' lang='lat' dir='ltr'>ipsa</span> <span class='ocrx_word' id='word_1_114' title='bbox 1112 2503 1228 2569; x_wconf 87' lang='lat' dir='ltr'>elucet.</span> <span class='ocrx_word' id='word_1_115' title='bbox 1253 2505 1365 2587; x_wconf 87' lang='lat' dir='ltr'>Atque</span> 
     </span>
     <span class='ocr_line' id='line_1_18' title="bbox 294 2605 1363 2687; baseline -0.001 -17"><span class='ocrx_word' id='word_1_116' title='bbox 294 2607 357 2671; x_wconf 89' lang='lat' dir='ltr'>rite</span> <span class='ocrx_word' id='word_1_117' title='bbox 387 2611 423 2670; x_wconf 92' lang='lat' dir='ltr'>ut</span> <span class='ocrx_word' id='word_1_118' title='bbox 456 2605 718 2686; x_wconf 81' lang='lat' dir='ltr'>conciperentur,</span> <span class='ocrx_word' id='word_1_119' title='bbox 749 2605 889 2687; x_wconf 90' lang='lat' dir='ltr'>populus</span> <span class='ocrx_word' id='word_1_120' title='bbox 914 2605 1082 2671; x_wconf 86' lang='lat' dir='ltr'>Romanus</span> <span class='ocrx_word' id='word_1_121' title='bbox 1106 2613 1200 2672; x_wconf 84' lang='lat' dir='ltr'>tanta</span> <span class='ocrx_word' id='word_1_122' title='bbox 1224 2625 1304 2672; x_wconf 89' lang='lat' dir='ltr'>cura</span> <span class='ocrx_word' id='word_1_123' title='bbox 1328 2611 1363 2670; x_wconf 89' lang='lat' dir='ltr'>et</span> 
     </span>
     <span class='ocr_line' id='line_1_19' title="bbox 294 2705 1363 2798; baseline 0.002 -26"><span class='ocrx_word' id='word_1_124' title='bbox 294 2708 451 2789; x_wconf 83' lang='lat' dir='ltr'>religione</span> <span class='ocrx_word' id='word_1_125' title='bbox 475 2707 684 2798; x_wconf 78' lang='lat' dir='ltr'>observabat,</span> <span class='ocrx_word' id='word_1_126' title='bbox 709 2715 745 2772; x_wconf 93' lang='lat' dir='ltr'>ut</span> <span class='ocrx_word' id='word_1_127' title='bbox 768 2707 859 2773; x_wconf 85' lang='lat' dir='ltr'>Livio</span> <span class='ocrx_word' id='word_1_128' title='bbox 885 2715 1021 2774; x_wconf 89' lang='lat' dir='ltr'>auctore</span> <span class='ocrx_word' id='word_1_129' title='bbox 1051 2705 1102 2794; x_wconf 88' lang='lat' dir='ltr'>(V,</span> <span class='ocrx_word' id='word_1_130' title='bbox 1129 2708 1188 2795; x_wconf 83' lang='grc'>17)</span> <span class='ocrx_word' id='word_1_131' title='bbox 1212 2711 1363 2775; x_wconf 88' lang='lat' dir='ltr'>tribunos</span> 
     </span>
     <span class='ocr_line' id='line_1_20' title="bbox 294 2809 1364 2894; baseline -0.001 -18"><span class='ocrx_word' id='word_1_132' title='bbox 294 2812 434 2876; x_wconf 92' lang='lat' dir='ltr'>militum</span> <span class='ocrx_word' id='word_1_133' title='bbox 458 2811 538 2878; x_wconf 90' lang='lat' dir='ltr'>anni</span> <span class='ocrx_word' id='word_1_134' title='bbox 561 2809 625 2875; x_wconf 80' lang='grc'>307</span> <span class='ocrx_word' id='word_1_135' title='bbox 650 2831 681 2876; x_wconf 94' lang='lat' dir='ltr'>u.</span> <span class='ocrx_word' id='word_1_136' title='bbox 707 2829 746 2892; x_wconf 79' lang='lat' dir='ltr'>a,</span> <span class='ocrx_word' id='word_1_137' title='bbox 777 2812 864 2894; x_wconf 87' lang='lat' dir='ltr'>quod</span> <span class='ocrx_word' id='word_1_138' title='bbox 888 2830 954 2876; x_wconf 90' lang='lat' dir='ltr'>non</span> <span class='ocrx_word' id='word_1_139' title='bbox 982 2811 1044 2876; x_wconf 90' lang='lat' dir='ltr'>rite</span> <span class='ocrx_word' id='word_1_140' title='bbox 1068 2813 1258 2894; x_wconf 86' lang='lat' dir='ltr'>edixissent,</span> <span class='ocrx_word' id='word_1_141' title='bbox 1291 2831 1364 2876; x_wconf 90' lang='lat' dir='ltr'>mu-</span> 
     </span>
     <span class='ocr_line' id='line_1_21' title="bbox 293 2914 1363 2999; baseline -0.001 -18"><span class='ocrx_word' id='word_1_142' title='bbox 293 2933 371 2981; x_wconf 89' lang='lat' dir='ltr'>nere</span> <span class='ocrx_word' id='word_1_143' title='bbox 404 2933 440 2980; x_wconf 87' lang='lat' dir='ltr'>se</span> <span class='ocrx_word' id='word_1_144' title='bbox 471 2914 629 2982; x_wconf 85' lang='lat' dir='ltr'>abdicare</span> <span class='ocrx_word' id='word_1_145' title='bbox 663 2919 795 2996; x_wconf 85' lang='lat' dir='ltr'>cogeret</span> <span class='ocrx_word' id='word_1_146' title='bbox 829 2915 946 2999; x_wconf 89' lang='lat' dir='ltr'>deique</span> <span class='ocrx_word' id='word_1_147' title='bbox 980 2915 1136 2999; x_wconf 88' lang='lat' dir='ltr'>placandi</span> <span class='ocrx_word' id='word_1_148' title='bbox 1171 2935 1275 2982; x_wconf 90' lang='lat' dir='ltr'>causa</span> <span class='ocrx_word' id='word_1_149' title='bbox 1302 2933 1363 2998; x_wconf 89' lang='lat' dir='ltr'>per</span> 
     </span>
     <span class='ocr_line' id='line_1_22' title="bbox 293 3016 1360 3103; baseline 0 -21"><span class='ocrx_word' id='word_1_150' title='bbox 293 3037 397 3084; x_wconf 88' lang='lat' dir='ltr'>novos</span> <span class='ocrx_word' id='word_1_151' title='bbox 424 3018 574 3083; x_wconf 87' lang='lat' dir='ltr'>tribunos</span> <span class='ocrx_word' id='word_1_152' title='bbox 607 3017 747 3082; x_wconf 91' lang='lat' dir='ltr'>militum</span> <span class='ocrx_word' id='word_1_153' title='bbox 783 3035 840 3083; x_wconf 90' lang='lat' dir='ltr'>eas</span> <span class='ocrx_word' id='word_1_154' title='bbox 873 3019 1073 3084; x_wconf 81' lang='lat' dir='ltr'>instauraret</span> <span class='ocrx_word' id='word_1_155' title='bbox 1103 3016 1189 3103; x_wconf 88' lang='lat' dir='ltr'>(Liv.</span> <span class='ocrx_word' id='word_1_156' title='bbox 1219 3021 1256 3100; x_wconf 90' lang='lat' dir='ltr'>V,</span> <span class='ocrx_word' id='word_1_157' title='bbox 1284 3017 1360 3102; x_wconf 83' lang='lat'>19).</span> 
     </span>
     <span class='ocr_line' id='line_1_23' title="bbox 294 3119 1362 3204; baseline -0.002 -18"><span class='ocrx_word' id='word_1_158' title='bbox 294 3119 468 3186; x_wconf 89' lang='lat' dir='ltr'>Summum</span> <span class='ocrx_word' id='word_1_159' title='bbox 526 3125 638 3186; x_wconf 89' lang='lat' dir='ltr'>autem</span> <span class='ocrx_word' id='word_1_160' title='bbox 694 3120 923 3184; x_wconf 85' lang='lat' dir='ltr'>Romanorum</span> <span class='ocrx_word' id='word_1_161' title='bbox 979 3122 1207 3201; x_wconf 86' lang='lat' dir='ltr'>magistratum</span> <span class='ocrx_word' id='word_1_162' title='bbox 1253 3121 1362 3204; x_wconf 90' lang='lat' dir='ltr'>primo</span> 
     </span>
     <span class='ocr_line' id='line_1_24' title="bbox 294 3220 1363 3306; baseline 0 -20"><span class='ocrx_word' id='word_1_163' title='bbox 294 3223 453 3306; x_wconf 89' lang='lat' dir='ltr'>cuiusque</span> <span class='ocrx_word' id='word_1_164' title='bbox 482 3223 562 3288; x_wconf 92' lang='lat' dir='ltr'>anni</span> <span class='ocrx_word' id='word_1_165' title='bbox 590 3222 652 3302; x_wconf 89' lang='lat' dir='ltr'>die,</span> <span class='ocrx_word' id='word_1_166' title='bbox 689 3241 753 3306; x_wconf 89' lang='lat' dir='ltr'>quo</span> <span class='ocrx_word' id='word_1_167' title='bbox 777 3222 811 3285; x_wconf 91' lang='lat' dir='ltr'>in</span> <span class='ocrx_word' id='word_1_168' title='bbox 834 3226 952 3286; x_wconf 90' lang='lat' dir='ltr'>senatu</span> <span class='ocrx_word' id='word_1_169' title='bbox 977 3223 1018 3286; x_wconf 91' lang='lat' dir='ltr'>de</span> <span class='ocrx_word' id='word_1_170' title='bbox 1041 3220 1329 3304; x_wconf 82' lang='lat' dir='ltr'>religionibusref</span> <span class='ocrx_word' id='word_1_171' title='bbox 1347 3257 1363 3270; x_wconf 85' lang='lat'><em>-</em></span> 
     </span>
     <span class='ocr_line' id='line_1_25' title="bbox 292 3324 1363 3409; baseline 0 -19"><span class='ocrx_word' id='word_1_172' title='bbox 292 3325 396 3407; x_wconf 88' lang='lat' dir='ltr'>rebat,</span> <span class='ocrx_word' id='word_1_173' title='bbox 419 3325 553 3390; x_wconf 88' lang='lat' dir='ltr'>Latinas</span> <span class='ocrx_word' id='word_1_174' title='bbox 570 3325 700 3390; x_wconf 90' lang='lat' dir='ltr'>edicere</span> <span class='ocrx_word' id='word_1_175' title='bbox 716 3324 899 3407; x_wconf 87' lang='lat' dir='ltr'>oportebat.</span> <span class='ocrx_word' id='word_1_176' title='bbox 919 3325 1037 3390; x_wconf 87' lang='lat' dir='ltr'>Lucius</span> <span class='ocrx_word' id='word_1_177' title='bbox 1054 3327 1185 3409; x_wconf 89' lang='lat' dir='ltr'>quidem</span> <span class='ocrx_word' id='word_1_178' title='bbox 1203 3325 1363 3392; x_wconf 87' lang='lat' dir='ltr'>Aemilius</span> 
     </span>
    </p>
   </div>
   <div class='ocr_carea' id='block_1_6' title="bbox 293 3509 1365 4260">
    <p class='ocr_par' dir='ltr' id='par_1_6' title="bbox 350 3509 1254 3584">
     <span class='ocr_line' id='line_1_26' title="bbox 350 3509 1254 3584; baseline 0 -18"><span class='ocrx_word' id='word_1_179' title='bbox 350 3511 369 3581; x_wconf 88' lang='lat'>¹)</span> <span class='ocrx_word' id='word_1_180' title='bbox 389 3511 418 3566; x_wconf 83' lang='lat'>0.</span> <span class='ocrx_word' id='word_1_181' title='bbox 439 3511 459 3566; x_wconf 91' lang='grc' dir='ltr'>Ι.</span> <span class='ocrx_word' id='word_1_182' title='bbox 478 3511 507 3566; x_wconf 90' lang='lat' dir='ltr'>L.</span> <span class='ocrx_word' id='word_1_183' title='bbox 528 3511 540 3584; x_wconf 83' lang='lat' dir='ltr'>I</span> <span class='ocrx_word' id='word_1_184' title='bbox 558 3530 584 3582; x_wconf 91' lang='lat' dir='ltr'>p.</span> <span class='ocrx_word' id='word_1_185' title='bbox 603 3511 671 3573; x_wconf 82' lang='grc'><strong>134;</strong></span> <span class='ocrx_word' id='word_1_186' title='bbox 696 3510 730 3564; x_wconf 91' lang='lat' dir='ltr'>de</span> <span class='ocrx_word' id='word_1_187' title='bbox 748 3509 866 3564; x_wconf 77' lang='lat' dir='ltr'>Caesare</span> <span class='ocrx_word' id='word_1_188' title='bbox 886 3510 1020 3565; x_wconf 86' lang='lat' dir='ltr'>dictatore</span> <span class='ocrx_word' id='word_1_189' title='bbox 1039 3512 1074 3566; x_wconf 82' lang='lat' dir='ltr'>of.</span> <span class='ocrx_word' id='word_1_190' title='bbox 1093 3511 1129 3566; x_wconf 78' lang='lat' dir='ltr'>ilr.</span> <span class='ocrx_word' id='word_1_191' title='bbox 1149 3531 1174 3582; x_wconf 91' lang='lat' dir='ltr'>p.</span> <span class='ocrx_word' id='word_1_192' title='bbox 1193 3513 1254 3568; x_wconf 83' lang='grc'><strong>140.</strong></span> 
     </span>
    </p>

    <p class='ocr_par' dir='ltr' id='par_1_7' title="bbox 293 3595 1364 4075">
     <span class='ocr_line' id='line_1_27' title="bbox 344 3595 1364 3666; baseline 0.001 -17"><span class='ocrx_word' id='word_1_193' title='bbox 344 3596 367 3664; x_wconf 75' lang='lat'>²)</span> <span class='ocrx_word' id='word_1_194' title='bbox 386 3597 429 3660; x_wconf 88' lang='grc'><strong>21,</strong></span> <span class='ocrx_word' id='word_1_195' title='bbox 450 3597 484 3650; x_wconf 88' lang='lat'>63</span> <span class='ocrx_word' id='word_1_196' title='bbox 510 3598 539 3649; x_wconf 84' lang='lat' dir='ltr'>el</span> <span class='ocrx_word' id='word_1_197' title='bbox 556 3596 599 3659; x_wconf 88' lang='grc'>22,</span> <span class='ocrx_word' id='word_1_198' title='bbox 621 3597 651 3658; x_wconf 93' lang='lat' dir='ltr'>l;</span> <span class='ocrx_word' id='word_1_199' title='bbox 682 3611 848 3664; x_wconf 89' lang='lat' dir='ltr'>quamquam</span> <span class='ocrx_word' id='word_1_200' title='bbox 879 3595 951 3649; x_wconf 81' lang='lat' dir='ltr'>falso</span> <span class='ocrx_word' id='word_1_201' title='bbox 980 3596 1032 3649; x_wconf 92' lang='lat' dir='ltr'>hoc</span> <span class='ocrx_word' id='word_1_202' title='bbox 1064 3595 1224 3666; x_wconf 84' lang='lat' dir='ltr'>exprobrari</span> <span class='ocrx_word' id='word_1_203' title='bbox 1255 3597 1364 3650; x_wconf 82' lang='lat' dir='ltr'>consuli</span> 
     </span>
     <span class='ocr_line' id='line_1_28' title="bbox 293 3677 1363 3750; baseline 0.002 -17"><span class='ocrx_word' id='word_1_204' title='bbox 293 3678 415 3734; x_wconf 76' lang='lat' dir='ltr'>ostendit</span> <span class='ocrx_word' id='word_1_205' title='bbox 433 3677 567 3733; x_wconf 80' lang='lat' dir='ltr'>Seeckius</span> <span class='ocrx_word' id='word_1_206' title='bbox 585 3677 614 3732; x_wconf 91' lang='lat' dir='ltr'>in</span> <span class='ocrx_word' id='word_1_207' title='bbox 633 3679 726 3732; x_wconf 86' lang='lat' dir='ltr'>Herm.</span> <span class='ocrx_word' id='word_1_208' title='bbox 747 3678 801 3734; x_wconf 88' lang='lat' dir='ltr'>vol.</span> <span class='ocrx_word' id='word_1_209' title='bbox 820 3678 888 3732; x_wconf 86' lang='lat' dir='ltr'>VIII</span> <span class='ocrx_word' id='word_1_210' title='bbox 907 3697 933 3750; x_wconf 92' lang='lat' dir='ltr'>p.</span> <span class='ocrx_word' id='word_1_211' title='bbox 955 3681 1005 3734; x_wconf 84' lang='grc'><strong>162</strong></span> <span class='ocrx_word' id='word_1_212' title='bbox 1024 3696 1092 3749; x_wconf 84' lang='lat' dir='ltr'>sqq.,</span> <span class='ocrx_word' id='word_1_213' title='bbox 1113 3682 1196 3750; x_wconf 81' lang='lat' dir='ltr'>atque</span> <span class='ocrx_word' id='word_1_214' title='bbox 1214 3681 1313 3735; x_wconf 83' lang='lat' dir='ltr'>titulus</span> <span class='ocrx_word' id='word_1_215' title='bbox 1332 3681 1363 3736; x_wconf 86' lang='grc'>0.</span> 
     </span>
     <span class='ocr_line' id='line_1_29' title="bbox 293 3763 1363 3836; baseline 0.003 -19"><span class='ocrx_word' id='word_1_216' title='bbox 293 3765 314 3819; x_wconf 92' lang='lat' dir='ltr'>I.</span> <span class='ocrx_word' id='word_1_217' title='bbox 333 3763 363 3818; x_wconf 90' lang='lat' dir='ltr'>L.</span> <span class='ocrx_word' id='word_1_218' title='bbox 382 3763 430 3830; x_wconf 81' lang='lat' dir='ltr'>Vl,</span> <span class='ocrx_word' id='word_1_219' title='bbox 452 3766 475 3830; x_wconf 91' lang='lat' dir='ltr'>i,</span> <span class='ocrx_word' id='word_1_220' title='bbox 499 3765 569 3820; x_wconf 91' lang='grc'><strong>2012</strong></span> <span class='ocrx_word' id='word_1_221' title='bbox 589 3787 621 3809; x_wconf 93' lang='lat'>=</span> <span class='ocrx_word' id='word_1_222' title='bbox 640 3763 715 3829; x_wconf 87' lang='lat' dir='ltr'>XIV,</span> <span class='ocrx_word' id='word_1_223' title='bbox 734 3765 805 3819; x_wconf 86' lang='grc'><strong>2238</strong></span> <span class='ocrx_word' id='word_1_224' title='bbox 824 3763 939 3818; x_wconf 80' lang='lat' dir='ltr'>Latinas</span> <span class='ocrx_word' id='word_1_225' title='bbox 958 3781 989 3818; x_wconf 89' lang='lat' dir='ltr'>eo</span> <span class='ocrx_word' id='word_1_226' title='bbox 1008 3782 1080 3819; x_wconf 88' lang='lat' dir='ltr'>anno</span> <span class='ocrx_word' id='word_1_227' title='bbox 1099 3765 1188 3836; x_wconf 87' lang='lat' dir='ltr'>Aprili</span> <span class='ocrx_word' id='word_1_228' title='bbox 1215 3765 1260 3820; x_wconf 85' lang='lat' dir='ltr'>vel</span> <span class='ocrx_word' id='word_1_229' title='bbox 1279 3766 1363 3831; x_wconf 87' lang='lat' dir='ltr'>Maio,</span> 
     </span>
     <span class='ocr_line' id='line_1_30' title="bbox 293 3847 1363 3914; baseline 0.002 -11"><span class='ocrx_word' id='word_1_230' title='bbox 293 3848 321 3903; x_wconf 92' lang='lat' dir='ltr'>id</span> <span class='ocrx_word' id='word_1_231' title='bbox 340 3851 384 3904; x_wconf 80' lang='lat' dir='ltr'>est</span> <span class='ocrx_word' id='word_1_232' title='bbox 402 3847 577 3914; x_wconf 81' lang='lat' dir='ltr'>aFlaminio,</span> <span class='ocrx_word' id='word_1_233' title='bbox 596 3847 707 3903; x_wconf 81' lang='lat' dir='ltr'>habitas</span> <span class='ocrx_word' id='word_1_234' title='bbox 726 3865 787 3903; x_wconf 85' lang='lat' dir='ltr'>esse</span> <span class='ocrx_word' id='word_1_235' title='bbox 801 3851 929 3914; x_wconf 81' lang='lat' dir='ltr'>testatur,</span> <span class='ocrx_word' id='word_1_236' title='bbox 949 3866 1046 3903; x_wconf 88' lang='lat' dir='ltr'>verum</span> <span class='ocrx_word' id='word_1_237' title='bbox 1064 3849 1092 3904; x_wconf 92' lang='lat' dir='ltr'>id</span> <span class='ocrx_word' id='word_1_238' title='bbox 1111 3849 1215 3904; x_wconf 89' lang='lat' dir='ltr'>crimen</span> <span class='ocrx_word' id='word_1_239' title='bbox 1234 3868 1249 3904; x_wconf 90' lang='lat' dir='ltr'>e</span> <span class='ocrx_word' id='word_1_240' title='bbox 1267 3854 1363 3906; x_wconf 85' lang='lat' dir='ltr'>nostra</span> 
     </span>
     <span class='ocr_line' id='line_1_31' title="bbox 293 3933 1364 4006; baseline 0 -16"><span class='ocrx_word' id='word_1_241' title='bbox 293 3953 378 3990; x_wconf 89' lang='lat' dir='ltr'>causa</span> <span class='ocrx_word' id='word_1_242' title='bbox 395 3935 519 4006; x_wconf 81' lang='lat' dir='ltr'>prolecto</span> <span class='ocrx_word' id='word_1_243' title='bbox 543 3937 594 4000; x_wconf 83' lang='lat' dir='ltr'>eat,</span> <span class='ocrx_word' id='word_1_244' title='bbox 623 3933 752 4004; x_wconf 88' lang='lat' dir='ltr'>quoniam</span> <span class='ocrx_word' id='word_1_245' title='bbox 771 3933 835 3988; x_wconf 88' lang='lat' dir='ltr'>illas</span> <span class='ocrx_word' id='word_1_246' title='bbox 854 3933 982 3988; x_wconf 82' lang='lat' dir='ltr'>omittere</span> <span class='ocrx_word' id='word_1_247' title='bbox 1008 3951 1146 3990; x_wconf 82' lang='lat' dir='ltr'>summum</span> <span class='ocrx_word' id='word_1_248' title='bbox 1169 3936 1248 3990; x_wconf 84' lang='lat' dir='ltr'>nefas</span> <span class='ocrx_word' id='word_1_249' title='bbox 1275 3935 1364 3990; x_wconf 82' lang='lat' dir='ltr'>fuisse</span> 
     </span>
     <span class='ocr_line' id='line_1_32' title="bbox 293 4018 544 4075; baseline -0.004 0"><span class='ocrx_word' id='word_1_250' title='bbox 293 4019 363 4075; x_wconf 85' lang='lat' dir='ltr'>satis</span> <span class='ocrx_word' id='word_1_251' title='bbox 382 4018 544 4074; x_wconf 80' lang='lat' dir='ltr'>ostenditur.</span> 
     </span>
    </p>

    <p class='ocr_par' dir='ltr' id='par_1_8' title="bbox 293 4102 1365 4260">
     <span class='ocr_line' id='line_1_33' title="bbox 349 4102 1365 4174; baseline 0 -16"><span class='ocrx_word' id='word_1_252' title='bbox 349 4104 371 4174; x_wconf 72' lang='lat'>⁸)</span> <span class='ocrx_word' id='word_1_253' title='bbox 388 4107 481 4158; x_wconf 84' lang='lat' dir='ltr'>ulrum</span> <span class='ocrx_word' id='word_1_254' title='bbox 500 4103 573 4174; x_wconf 89' lang='lat' dir='ltr'>quod</span> <span class='ocrx_word' id='word_1_255' title='bbox 597 4103 627 4157; x_wconf 92' lang='lat' dir='ltr'>hi</span> <span class='ocrx_word' id='word_1_256' title='bbox 645 4102 781 4158; x_wconf 85' lang='lat' dir='ltr'>villarunl</span> <span class='ocrx_word' id='word_1_257' title='bbox 807 4121 824 4158; x_wconf 89' lang='lat' dir='ltr'>a</span> <span class='ocrx_word' id='word_1_258' title='bbox 850 4102 976 4158; x_wconf 81' lang='lat' dir='ltr'>suffectis</span> <span class='ocrx_word' id='word_1_259' title='bbox 1005 4102 1082 4159; x_wconf 91' lang='lat' dir='ltr'>illius</span> <span class='ocrx_word' id='word_1_260' title='bbox 1110 4103 1175 4158; x_wconf 89' lang='lat' dir='ltr'>anni</span> <span class='ocrx_word' id='word_1_261' title='bbox 1203 4103 1365 4158; x_wconf 87' lang='lat' dir='ltr'>consulibus</span> 
     </span>
     <span class='ocr_line' id='line_1_34' title="bbox 293 4186 1037 4260; baseline -0.001 -17"><span class='ocrx_word' id='word_1_262' title='bbox 293 4191 451 4260; x_wconf 84' lang='lat' dir='ltr'>reparatum</span> <span class='ocrx_word' id='word_1_263' title='bbox 469 4187 509 4243; x_wconf 86' lang='lat' dir='ltr'>sit</span> <span class='ocrx_word' id='word_1_264' title='bbox 525 4205 620 4252; x_wconf 84' lang='lat' dir='ltr'>neone,</span> <span class='ocrx_word' id='word_1_265' title='bbox 640 4186 790 4242; x_wconf 90' lang='lat' dir='ltr'>diiudicare</span> <span class='ocrx_word' id='word_1_266' title='bbox 809 4205 863 4242; x_wconf 91' lang='lat' dir='ltr'>non</span> <span class='ocrx_word' id='word_1_267' title='bbox 882 4204 1037 4258; x_wconf 86' lang='lat' dir='ltr'>possumus.</span> 
     </span>
    </p>
   </div>
   <div class='ocr_carea' id='block_1_7' title="bbox 349 4271 953 4344">
    <p class='ocr_par' dir='ltr' id='par_1_9' title="bbox 349 4271 953 4344">
     <span class='ocr_line' id='line_1_35' title="bbox 349 4271 953 4344; baseline -0.003 -16"><span class='ocrx_word' id='word_1_268' title='bbox 349 4274 371 4344; x_wconf 87' lang='lat'>⁴)</span> <span class='ocrx_word' id='word_1_269' title='bbox 391 4273 420 4328; x_wconf 82' lang='lat'>0.</span> <span class='ocrx_word' id='word_1_270' title='bbox 439 4274 460 4328; x_wconf 90' lang='lat' dir='ltr'>I.</span> <span class='ocrx_word' id='word_1_271' title='bbox 479 4273 509 4328; x_wconf 85' lang='lat' dir='ltr'>L.</span> <span class='ocrx_word' id='word_1_272' title='bbox 528 4273 576 4338; x_wconf 86' lang='lat' dir='ltr'>VI,</span> <span class='ocrx_word' id='word_1_273' title='bbox 597 4273 621 4338; x_wconf 80' lang='lat' dir='ltr'>l,</span> <span class='ocrx_word' id='word_1_274' title='bbox 640 4274 708 4329; x_wconf 91' lang='grc'><strong>2011</strong></span> <span class='ocrx_word' id='word_1_275' title='bbox 730 4295 762 4320; x_wconf 94' lang='lat'><strong><em>=</em></strong></span> <span class='ocrx_word' id='word_1_276' title='bbox 781 4271 855 4337; x_wconf 86' lang='lat' dir='ltr'>XIV,</span> <span class='ocrx_word' id='word_1_277' title='bbox 874 4273 953 4328; x_wconf 88' lang='grc'><strong>2236.</strong></span> 
     </span>
    </p>
   </div>
   <div class='ocr_carea' id='block_1_8' title="bbox 0 0 1587 5108">
    <p class='ocr_par' dir='ltr' id='par_1_10' title="bbox 0 0 1587 5108">
     <span class='ocr_line' id='line_1_36' title="bbox 0 0 1587 5108; baseline 0 0"><span class='ocrx_word' id='word_1_278' title='bbox 0 0 1587 5108; x_wconf 95' lang='lat' dir='ltr'> </span> 
     </span>
    </p>
   </div>
  </div>
 </body>
</html>
