3158 5116
790 525 824 580 63

339 667 465 745 Quibus
488 667 645 749 quoniam
658 667 782 732 Vinium
800 666 1045 732 Nicomachum
1060 667 1258 732 Flavianum
1281 666 1347 746 sig-

272 768 402 832 nificari
421 787 440 832 e
461 768 617 832 carminis
636 774 792 834 contextu
813 775 960 850 apparet,
986 769 1041 851 qui
1060 769 1242 849 Eugenium
1259 769 1348 834 occi·

271 869 380 934 dentis
404 869 648 951 imperatorem,
679 874 717 934 ut
740 869 909 950 gentilium
931 869 1122 952 religionem
1146 867 1347 934 dilabentem

271 977 429 1052 servaret,
443 972 486 1036 ad
499 971 620 1037 bellum
630 972 815 1038 Theodosio
826 972 947 1053 Magno
959 972 1347 1054 inferendumpermove-

273 1079 326 1138 rat
350 1078 488 1139 stanno
513 1072 578 1137 394
603 1094 623 1138 a
647 1074 834 1141 Theodosio
859 1093 899 1140 ex
924 1077 1050 1142 oriente
1073 1075 1223 1158 proiecto
1239 1075 1347 1141 victus

275 1184 376 1261 atque
397 1177 468 1260 ipse
492 1177 525 1241 in
548 1177 671 1260 proelio
696 1179 828 1245 occisus
853 1183 934 1260 erat,
960 1179 1115 1244 Rossium
1139 1196 1253 1244 veram
1271 1196 1347 1242 sen-

274 1282 411 1347 tentiam
442 1281 655 1364 proposuisse
685 1288 775 1365 puto,
815 1283 871 1366 qui
899 1283 1140 1349 Nicomachum
1174 1281 1346 1349 consulem

273 1391 420 1451 veterum
449 1404 551 1466 more,
582 1393 762 1471 antequam
793 1387 868 1454 belli
899 1387 1033 1469 gerendi
1058 1407 1162 1452 causa
1198 1385 1346 1468 proficis-

273 1496 413 1571 ceretur,
438 1491 584 1572 Latinas,
620 1493 739 1575 quibus
770 1493 925 1558 nimirum
955 1510 975 1555 a
999 1490 1080 1555 Jove
1105 1488 1229 1553 Latiari
1253 1488 1347 1553 auxi-

273 1594 353 1660 lium
376 1599 512 1676 peteret,
537 1613 577 1660 eo
601 1615 689 1661 anno
714 1595 902 1661 celebrasse
925 1594 1085 1660 iudicavit
1100 1591 1132 1678 ¹).

341 1698 465 1763 Verum
500 1697 601 1763 etiam
637 1699 782 1764 omnino
808 1686 979 1764 extremas
1014 1716 1072 1762 eas
1108 1697 1212 1762 luisse
1248 1693 1348 1761 serias

274 1798 372 1865 lacile
407 1801 480 1882 quis
514 1799 577 1864 sibi
601 1802 814 1882 persuaserit.
864 1801 926 1881 Qui
950 1801 1038 1866 enim
1063 1800 1132 1866 fieri
1156 1799 1272 1882 potuit,
1311 1804 1348 1864 ut

273 1902 490 1981 Theodosius,
522 1922 599 1967 cum
623 1923 688 1985 qua
712 1909 827 1985 posset
850 1903 979 1969 ratione
1002 1922 1209 1986 paganorum
1233 1919 1348 1983 super-

273 2004 440 2070 stitionem
463 2005 851 2085 exstinguere-studeret
885 2006 1009 2072 clausis
1045 2007 1183 2070 deorum
1217 2003 1348 2086 templis

273 2106 569 2190 sacerdotibusque
593 2108 749 2190 expulsis
775 2109 867 2174 Jovis
892 2108 1032 2174 Latiaris
1056 2107 1160 2173 cultui
1184 2125 1266 2172 sane
1284 2105 1348 2172 fre-

274 2210 386 2293 quenti
410 2215 509 2292 atque
533 2209 657 2275 idcirco
682 2210 881 2277 Christianis
905 2211 1011 2276 inviso
1028 2217 1127 2292 capta
1143 2210 1250 2289 Roma
1272 2229 1348 2292 par-

278 2315 389 2380 ceret?
426 2313 534 2397 Atque
558 2314 680 2379 lirmari
704 2315 792 2380 hano
817 2333 977 2398 perquam
1001 2311 1214 2379 verisimilem
1239 2312 1346 2395 suspi-

274 2417 405 2494 cionem
429 2437 550 2484 censeo
574 2417 683 2484 vorbis
708 2424 740 2484 et
764 2418 966 2484 scholiastae
982 2415 1156 2482 Bobiensis
1171 2413 1196 2500 2)
1220 2417 1263 2480 ad
1277 2415 1345 2482 Cio.

276 2520 389 2586 Plane.
415 2522 446 2602 9,
471 2521 528 2586 23:
554 2520 727 2603 ,feriarum
741 2522 933 2588 Latinarum
957 2519 1121 2587 sacrificio
1138 2519 1267 2587 solebat
1283 2520 1348 2586 hoc

276 2623 447 2689 observari
472 2674 479 2688 .
506 2675 512 2688 .
539 2624 567 2688 .’
598 2630 632 2690 et
661 2625 766 2692 Servii
780 2623 805 2710 ⁸)
840 2625 883 2690 ad
906 2625 1001 2706 Verg.
1026 2623 1107 2689 Aen.
1128 2623 1151 2704 l,
1176 2623 1255 2688 211:
1293 2628 1349 2704 ‚ut

274 2727 309 2789 in
332 2726 461 2793 Albano
484 2728 610 2792 Latinis
634 2729 812 2794 visceratio
829 2727 981 2808 dabatur,
1006 2727 1039 2790 id
1063 2733 1114 2791 est
1130 2724 1235 2806 raro‘,
1261 2725 1348 2790 eius-

274 2830 414 2912 demque
449 2831 492 2895 ad
515 2831 611 2912 Verg.
635 2830 717 2896 Aen.
742 2831 808 2912 Xll,
836 2830 919 2895 135:
957 2827 1093 2912 ‚honos'
1118 2847 1197 2894 vero
1221 2846 1274 2893 rcs
1299 2827 1348 2892 di-

276 2930 363 3010 vina,
399 2950 486 3013 quae
520 2931 565 2996 ibi
601 2953 622 2998 a
656 2933 817 2998 Rornanis
853 2933 922 2998 ficri
947 2937 1164 2997 consueverat
1177 2931 1194 3013 ',
1228 2929 1347 3014 quibus

271 3032 420 3114 ipsorum
444 3039 554 3100 aetate
586 3054 652 3100 non
675 3035 742 3100 iam
766 3034 868 3101 fuisse
902 3034 1002 3100 serias
1026 3035 1160 3099 Latinas
1185 3034 1219 3098 hi
1243 3033 1348 3116 scrip-

272 3139 362 3199 tores
386 3139 560 3200 testantur.

272 3260 488 3270 ·-——-....

331 3315 351 3386 ¹)
370 3315 399 3370 in
419 3316 480 3387 oph.
500 3335 542 3388 ep.
561 3317 615 3372 vol.
636 3319 662 3372 ΙΙ
681 3338 708 3391 p.
729 3322 788 3376 101.

330 3398 351 3468 ²)
369 3418 451 3470 quem
470 3401 698 3456 commentorium
718 3421 789 3457 anno
808 3404 929 3460 fcro400
946 3401 1133 3474 conscriptum
1154 3419 1215 3457 esse
1229 3403 1347 3457 constat.

331 3483 352 3553 ⁸)
370 3484 396 3540 is
415 3485 511 3540 oedem
529 3485 584 3540 fuit
602 3489 703 3542 aetate.

691 3822 930 3989 W
