3158 5116
816 510 849 565 18

296 661 499 742 gnitudinem
523 657 669 742 periculi,
694 657 780 740 quod
805 675 826 722 a
849 655 978 723 Vuiseis
1002 655 1188 739 Aequisque
1216 655 1367 720 immine

297 763 364 843 bat,
400 761 558 827 auxilium
582 758 807 824 Romanorum
842 758 1029 841 petentibus
1053 776 1283 842 summamque
1306 758 1367 822 im-

296 867 378 949 perii
413 866 503 931 domi
539 864 742 947 militiaeque
776 863 817 928 iis
853 863 1134 929 committentibus
1173 862 1366 928 confirmata

296 975 373 1033 sunt
397 970 501 1048 magis
526 968 697 1050 magisque
720 966 946 1032 Romanorum
970 968 1004 1030 in
1027 968 1078 1032 bis
1102 967 1208 1032 saeris
1231 965 1367 1046 agendis

298 1072 427 1151 pondus
451 1077 550 1151 atque
574 1069 773 1147 auetoritas;
802 1067 891 1132 velut
914 1087 1003 1132 anno
1028 1067 1093 1131 305
1117 1087 1149 1132 u.
1174 1086 1202 1130 c.
1227 1065 1366 1130 Romani

297 1190 376 1235 suas
400 1172 546 1252 ipsorum
581 1186 635 1234 res
670 1169 871 1234 domesticas
907 1168 1042 1233 sedatas
1077 1185 1153 1232 esse
1187 1167 1367 1247 gaudentes

298 1270 396 1338 ferias
444 1272 579 1336 Latinas
625 1271 929 1352 redintegraverunt
945 1268 968 1355 ¹)
1019 1287 1198 1353 eorumque
1248 1268 1368 1333 tribuni

299 1374 439 1440 militum
474 1410 518 1419 —
553 1374 608 1458 qui
632 1375 753 1440 summi
775 1380 845 1438 tum
874 1373 1001 1440 Romae
1029 1373 1242 1455 magistratus
1265 1377 1368 1450 eraut,

298 1515 341 1525 -—
380 1497 469 1543 anno
492 1477 556 1542 357
592 1499 623 1543 u.
650 1497 677 1543 e.
715 1497 773 1543 eas
797 1478 969 1543 edixerunt
983 1475 1017 1564 ⁹).
1064 1477 1177 1560 Neque
1212 1477 1318 1542 [tome
1351 1497 1370 1542 a

298 1580 400 1647 Gallis
434 1583 572 1646 ineensa
596 1589 629 1646 et
657 1582 782 1646 Latinis
814 1583 1030 1664 Hernicisque
1052 1581 1174 1646 bellum
1207 1599 1369 1645 renovan-

296 1683 384 1749 tibus
422 1683 602 1764 permultos
644 1702 750 1748 annos
796 1684 934 1765 pristina
973 1685 1007 1747 in
1043 1683 1131 1748 seriis
1171 1683 1367 1747 auetoritate

299 1786 448 1849 caruisse
470 1785 630 1858 videntur,
656 1804 731 1850 eum
759 1804 848 1850 anno
874 1786 939 1850 396
967 1806 997 1850 u.
1013 1805 1040 1850 e.
1067 1785 1181 1850 foedus
1205 1786 1290 1849 inter
1311 1804 1370 1865 pu-

295 1892 435 1967 gnantes
460 1887 561 1950 ictum
586 1888 637 1951 sit.
1376 1966 1378 1969 Ι

362 1987 412 2052 Ab
437 2006 525 2052 anno
548 2007 627 2053 vero
651 1988 716 2052 416
740 2009 771 2052 u.
798 2007 826 2052 c.
852 1989 990 2052 devietis
1015 1987 1151 2069 Latinis,
1176 1989 1255 2070 quin
1271 1986 1368 2051 nullis

296 2089 554 2172 repugnantibus
578 2091 803 2156 Romanorum
827 2111 977 2156 summus
1001 2109 1131 2173 quoque
1154 2109 1243 2155 anno
1266 2090 1370 2170 magi-

296 2199 418 2258 stratus
443 2193 739 2262 Latinasedixerit
771 2201 804 2260 et
826 2192 885 2276 pro
910 2193 1062 2259 omnibus
1093 2192 1280 2258 civitatibus
1304 2193 1368 2257 La-

207 2342 209 2346 .
297 2295 375 2359 tinis
400 2313 533 2359 sacrum
557 2295 717 2360 sollemne
742 2294 865 2376 feeerit,
889 2314 987 2360 nemo
1012 2303 1062 2360 est
1086 2297 1141 2379 qui
1165 2295 1299 2360 dubitet.

236 2443 238 2447 ι
353 2488 372 2556 ¹)
392 2488 421 2541 G.
440 2489 462 2542 I.
481 2487 510 2541 L.
530 2488 577 2551 vi,
599 2491 622 2550 1,
642 2489 709 2543 2011
732 2510 763 2532 =
782 2485 857 2549 xlv,
877 2488 961 2549 raam
981 2486 1016 2540 ef.
1036 2505 1098 2556 pag.
1118 2483 1161 2541 240.

351 2569 373 2640 ²)
391 2569 451 2624 Liv.
469 2570 504 2634 V,
525 2573 566 2625 17.

701 3160 705 3168 ἱ
770 3187 775 3198 1
841 3207 915 3236 ”f
